%% This BibTeX bibliography file was created using BibDesk.
%% http://bibdesk.sourceforge.net/


%% Created for John O. Brickley at 2013-03-23 18:58:37 -0800 


%% Saved with string encoding Unicode (UTF-8) 



@article{doi:10.1080/09298219508570672,
	Abstract = { Abstract This paper examines the prediction and generation of music using a multiple viewpoint system, a collection of independent views of the musical surface each of which models a specific type of musical phenomena. Both the general style and a particular piece are modeled using dual short‐term and long‐term theories, and the model is created using machine learning techniques on a corpus of musical examples. The models are used for analysis and prediction, and we conjecture that highly predictive theories will also generate original, acceptable, works. Although the quality of the works generated is hard to quantify objectively, the predictive power of models can be measured by the notion of entropy, or unpredictability. Highly predictive theories will produce low‐entropy estimates of a musical language. The methods developed are applied to the Bach chorale melodies. Multiple‐viewpoint systems are learned from a sample of 95 chorales, estimates of entropy are produced, and a predictive theory is used to generate new, unseen pieces. },
	Author = {Conklin, Darrell and Witten, Ian H.},
	Date-Added = {2013-03-07 13:20:14 +0000},
	Date-Modified = {2013-03-07 13:20:14 +0000},
	Doi = {10.1080/09298219508570672},
	Eprint = {http://www.tandfonline.com/doi/pdf/10.1080/09298219508570672},
	Journal = {Journal of New Music Research},
	Number = {1},
	Pages = {51-73},
	Title = {Multiple viewpoint systems for music prediction},
	Url = {http://www.tandfonline.com/doi/abs/10.1080/09298219508570672},
	Volume = {24},
	Year = {1995},
	Bdsk-File-1 = {YnBsaXN0MDDUAQIDBAUGJCVYJHZlcnNpb25YJG9iamVjdHNZJGFyY2hpdmVyVCR0b3ASAAGGoKgHCBMUFRYaIVUkbnVsbNMJCgsMDxJXTlMua2V5c1pOUy5vYmplY3RzViRjbGFzc6INDoACgAOiEBGABIAFgAdccmVsYXRpdmVQYXRoWWFsaWFzRGF0YV8QOUNQTFgzOTRUZXJtUGFwZXJCaWJsaW9ncmFwaHkvQ29ua2xpbi9Db25rbGluMTk5NU1WU01QLnBkZtIXCxgZV05TLmRhdGFPEQIuAAAAAAIuAAIAAAxUaGUgQnVzaW5lc3MAAAAAAAAAAAAAAAAAAADMFclhSCsAAAEXqI4UQ29ua2xpbjE5OTVNVlNNUC5wZGYAAAAAAAAAAAAAAAAAAAAAAAAAAAAAAAAAAAAAAAAAAAAAAAAAAAAAAAAAAReoj81eN0AAAAAAAAAAAAABAAQAAAkgAAAAAAAAAAAAAAAAAAAAB0NvbmtsaW4AABAACAAAzBY54QAAABEACAAAzV610AAAAAEAHAEXqI4BE9NDARZYSQDoB2wAVdxdAFWsAQAAuVMAAgCCVGhlIEJ1c2luZXNzOlVzZXJzOgBjbGlja2l0eWNsYWNrOgBEcm9wYm94OgBDUExYMzk0OgBjcGx4Mzk0LXJlc2VhcmNoOgBDUExYMzk0VGVybVBhcGVyQmlibGlvZ3JhcGh5OgBDb25rbGluOgBDb25rbGluMTk5NU1WU01QLnBkZgAOACoAFABDAG8AbgBrAGwAaQBuADEAOQA5ADUATQBWAFMATQBQAC4AcABkAGYADwAaAAwAVABoAGUAIABCAHUAcwBpAG4AZQBzAHMAEgBuVXNlcnMvY2xpY2tpdHljbGFjay9Ecm9wYm94L0NQTFgzOTQvY3BseDM5NC1yZXNlYXJjaC9DUExYMzk0VGVybVBhcGVyQmlibGlvZ3JhcGh5L0NvbmtsaW4vQ29ua2xpbjE5OTVNVlNNUC5wZGYAEwABLwAAFQACABT//wAAgAbSGxwdHlokY2xhc3NuYW1lWCRjbGFzc2VzXU5TTXV0YWJsZURhdGGjHR8gVk5TRGF0YVhOU09iamVjdNIbHCIjXE5TRGljdGlvbmFyeaIiIF8QD05TS2V5ZWRBcmNoaXZlctEmJ1Ryb290gAEACAARABoAIwAtADIANwBAAEYATQBVAGAAZwBqAGwAbgBxAHMAdQB3AIQAjgDKAM8A1wMJAwsDEAMbAyQDMgM2Az0DRgNLA1gDWwNtA3ADdQAAAAAAAAIBAAAAAAAAACgAAAAAAAAAAAAAAAAAAAN3},
	Bdsk-Url-1 = {http://www.tandfonline.com/doi/abs/10.1080/09298219508570672},
	Bdsk-Url-2 = {http://dx.doi.org/10.1080/09298219508570672}}

@article{Muller2011BDISECPWAPP,
	Abstract = {WE ASSUME THAT EVALUATIVE PROCESSES IN RESPONSE TO musical stimuli can occur spontaneously without explicit demand, and that these responses are important for the emergence of emotions evoked by music. Two versions of the affective priming paradigm served to study spontaneous evaluation of music. In Experiment 1, a lexical decision task (LDT) and in Experiments 2 and 3, an evaluative decision task (EDT) was employed. A total of 20 original four-part, five-chord piano sequences with no specified harmonic resolution were used as primes. During the LDT, congruency in valence of prime-target pairs did not affect response times to the targets. However, for the EDT, significant effects of priming were obtained, indicating that spontaneous evaluations of primes must have occurred. No moderating influences of music expertise or any other person variable on spontaneous evaluation were observed. The diverging results of LDT and EDT point to the possibility that spontaneous evaluative processes are sensitive to context manipulations. Results are discussed with reference to harmonic and semantic priming studies. PUBLICATION ABSTRACT]},
	Author = {M{\"u}ller,Mira and Klein,Julian and Jacobsen,Thomas},
	Date-Added = {2013-03-07 13:17:51 +0000},
	Date-Modified = {2013-03-07 13:17:51 +0000},
	Isbn = {07307829},
	Journal = {Music Perception},
	Keywords = {Music},
	Language = {English},
	Note = {Copyright - Copyright University of California Press Sep 2011; Language of summary - English; Pages - 93-108; ProQuest ID - 896358267; Document feature - Tables; Graphs; ; Last updated - 2011-10-12; Place of publication - Berkeley; Corporate institution author - M{\"u}ller, Mira; Klein, Julian; Jacobsen, Thomas; DOI - 2476418751; 64685131; 59059; MPCP; INNNMPCP0000747236; ; Altenm{\"u}ller, E., Sch{\"u}rmann, K., Lim, V. K., & Parlitz, D. (2002). Hits to the left, flops to the right: Different emotions during listening to music are reflected in cortical lateralisation patterns. Neuropsychologia, 40, 2242-2256; Bargh, J. A., Chaiken, S., Raymond, P., & Hymes, C. (1996). The automatic evaluation effect: Unconditional automatic attitude activation with a pronunciation task. Journal of Experimental Social Psychology, 32, 104-128; Bargh, J. A., & Chartrand, T. L. (1999). The unbearable automaticity of being. American Psychologist, 54, 462-479; Bigand, E., Madurell, F., Tillmann, B., & Pineau, M. (1999). Effect of global structure and temporal organization on chord processing. Journal of Experimental Psychology-Human Perception and Performance, 25, 184-197; Cohen, J. (1973). Eta-squared and partial eta-squared in fixed factor ANOVA designs. Educational and Psychological Measurement, 33, 107-112; De Houwer, J., Hermans, D., & Eelen, P. (1998). Affective and identity priming with episodically associated stimuli. Cognition and Emotion, 12, 145-169; De Houwer, J., Hermans, D., Rothermund, K., & Wentura, D. (2002). Affective priming of semantic categorisation responses. Cognition and Emotion, 16, 643-666; Deutsch, R., & Gawronski, B. (2009). When the method makes a difference: Antagonistic effects on "automatic evaluations" as a function of task characteristics of the measure. Journal of Experimental Social Psychology, 45, 101-114; Fazio, R. H. (2001). On the automatic activation of associated evaluations: An overview. Cognition and Emotion, 15, 115- 141; Hermans, D., Baeyens, F., Lamote, S., Spruyt, A., & Eelen, P. (2005). Affective priming as an indirect measure of food preferences acquired through odor conditioning. Experimental Psychology, 52, 180-186; Hermans, D., Spruyt, A., & Eelen, P. (2003). Automatic affective priming of recently acquired stimulus valence: Priming at SOA 300 but not at SOA 1000. Cognition and Emotion, 17, 83-99; Hoaglin, D. C., Iglewicz, B., & Tukey, J. W. (1986). Performance of some resistant rules for outlier labeling. Journal of the American Statistical Association, 81, 991-999; Ist{\'o}k, E., Brattico, E., Jacobsen, T., Krohn, K., M{\"u}ller, M., & Tervaniemi, M. (2009). Aesthetic responses to music: A questionnaire study. Musicae Scientiae, 13, 183-206; Juslin, P. N., & V{\"a}stfj{\"a}ll, D. (2008). Emotional responses to music: The need to consider underlying mechanisms. Behavioral and Brain Sciences, 31, 559-575; Kemp-Wheeler, S. M., & Hill, A. B. (1992). Semantic and emotional priming below objective detection threshold. Cognition and Emotion, 6, 113-128; Klauer, K. C., & Teige-Mocigemba, S. (2007). Controllability and resource dependence in automatic evaluation. Journal of Experimental Social Psychology, 43, 648-655; Klauer, K. C., Teige-Mocigemba, S., & Spruyt, A. (2009). Contrast effects in spontaneous evaluations: A psychophysical account. Journal of Personality and Social Psychology, 96, 265-287; Klinger, M. R., Burton, P. C., & Pitts, G. S. (2000). Mechanisms of unconscious priming: I. Response competition, not spreading activation. Journal of Experimental Psychology-Learning Memory and Cognition, 26, 441-455; Koelsch, S., Kasper, E., Sammler, D., Schulze, K., Gunter, T., & Friederici, A. D. (2004). Music, language and meaning: Brain signatures of semantic processing. Nature Neuroscience, 7, 302-307; Meyer, L. B. (1956). Emotion and meaning in music. Chicago, IL: University of Chicago Press; M{\"u}ller, M., H{\"o}fel, L., Brattico, E., & Jacobsen, T. (2010). Aesthetic judgments of music in experts and laypersons-An ERP study. International Journal of Psychophysiology, 76, 40-51; M{\"u}ller, M., Klein, J., & Jacobsen, T. (2009, February). Aesthetic evaluation of chord progressions in piano music. Poster presented at the BrainTuning Workshop: Music, Emotions, and Brain Plasticity, Helsinki, Finland. doi: 10.3389/conf. neuro.09.2009.02.025; M{\"u}ller, M., Klein, J., & Jacobsen, T. (2011). Musical experience and genre preferences run deep: A study of differential effects on aesthetic responses to chord progressions in piano music. Manuscript submitted for publication; Murphy, S. T., & Zajonc, R. B. (1993). Affect, cognition, and awareness - Affective priming with optimal and suboptimal stimulus exposures. Journal of Personality and Social Psychology, 64, 723-739; Orr, M. G., & Ohlsson, S. (2005). Relationship between complexity and liking as a function of expertise. Music Perception, 22, 583-611; Ortony, A., Clore, G., & Collins, A. (1988). The cognitive structures of emotions. Cambridge, MA: Cambridge University Press; Peretz, I., Gaudreau, D., & Bonnel, A. M. (1998). Exposure effects on music preference and recognition. Memory and Cognition, 26, 884-902; Scherer, K. R. (2004). Which emotions can be induced by music? What are the underlying mechanisms? And how can we measure them? Journal of New Music Research, 33, 239- 251; Scherer, K. R., & Zentner, M. (2008). Music evoked emotions are different - More often aesthetic than utilitarian. Behavioral and Brain Sciences, 31, 595-596; Sloboda, J. A., & O'Neill, S. A. (2001). Emotions in everyday listening to music. In P. N. Juslin & J. A. Sloboda (Eds.), Music and emotion (pp. 415-429). New York: Oxford University Press; Sollberger, B., Reber, R., & Eckstein, D. (2003). Musical chords as affective priming context in a word-evaluation task. Music Perception, 20, 263-282; Spruyt, A., De Houwer, J., Hermans, D., & Eelen, P. (2007). Affective priming of nonaffective semantic categorization responses. Experimental Psychology, 54, 44-53; Steinbeis, N., Koelsch, S., & Sloboda, J. A. (2006). The role of harmonic expectancy violations in musical emotions: Evidence from subjective, physiological, and neural responses. Journal of Cognitive Neuroscience, 18, 1380-1393; Storbeck, J., & Robinson, M. D. (2004). Preferences and inferences in encoding visual objects: A systematic comparison of semantic and affective priming. Personality and Social Psychology Bulletin, 30, 81-93; Tillmann, B., Bigand, E., & Pineau, M. (1998). Effects of global and local contexts on harmonic expectancy. Music Perception, 16, 99-117; Tillmann, B., Janata, P., Birk, J., & Bharucha, J. J. (2008). Tonal centers and expectancy: Facilitation or inhibition of chords at the top of the harmonic hierarchy? Journal of Experimental Psychology: Human Perception and Performance, 34, 1031- 1043; Wentura, D. (2000). Dissociative affective and associative priming effects in the lexical decision task: Yes versus no responses to word targets reveal evaluative judgment tendencies. Journal of Experimental Psychology: Learning Memory and Cognition, 26, 456-469; Wittenbrink, B. (2007). Measuring attitudes through priming. In B. Wittenbrink & N. Schwarz (Eds.), Implicit measures of attitude: Procedures and controversies (pp. 17-58). New York: Guilford Press; Zajonc, R. B. (1980). Feeling and thinking - Preferences need no inferences. American Psychologist, 35, 151-175; Zentner, M., Grandjean, D., & Scherer, K. R. (2008). Emotions evoked by the sound of music: Characterization, classification, and measurement. Emotion, 8, 494-521; Altenm{\~A}1⁄4ller, Eckart, Sch{\~A}1⁄4rmann, Kristian 2002 "Hits to the left, flops to the right: Different emotions during listening to music are reflected in cortical lateralisation patterns." Neuropsychologia 40 13 2242-2256; Bargh, John A., Chaiken, Shelly 1996 "The automatic evaluation effect: Unconditional automatic attitude activation with a pronunciation task." Journal of Experimental Social Psychology 32 1 104-128; Bargh, JA, Chartrand, T L 1999 "The unbearable automaticity of being" American Psychologist 54 7 462-479; Bigand, E., Madurell, F. 1999 "Effect of global structure and temporal organization on chord processing" Journal of Experimental Psychology: Human Perception and Performance 25 1 184-197; Bigand, E., Madurell, F., Tillmann, B., & Pineau, M. (1999). Effect of Global Structure and Temporal Organization on Chord Processing. Journal of Experimental Psychology: Human Perception and Performance, 25, (1), pp. 184-197.1999-00001-01310.1037/0096-1523.25.1.184; Cohen, Jacob 1973 "Eta-squared and partial eta-squared in fixed factor ANOVA designs." Educational and Psychological Measurement 33 1 107-112; De Houwer, J., Hermans, D., Rothermund, K., & Wentura, D. (2002). Affective priming of semantic categorisation responses. Cognition and Emotion, 16, 643-666. doi:10.1080/ 02699930143000419; Deutsch, Roland, Gawronski, Bertram 2009 "When the method makes a difference: Antagonistic effects on "automatic evaluations" as a function of task characteristics of the measure" Journal of Experimental Social Psychology 45 1 101-114; Fazio, R.H. 2001 "On the automatic activation of associated evaluations: An overview" Cognition & Emotion 15 2 115-141; Hermans, Dirk, Spruyt, Adriaan 2003 "Automatic affective priming of recently acquired stimulus valence: Priming at SOA 300 but not at SOA 1000." Cognition & Emotion 17 1 83-99; Hermans, D, Baeyens, F 2005 "Affective priming as an indirect measure of food preferences acquired through odor conditioning" Experimental Psychology 52 3 180-186; HOAGLIN, D. C., IGLEWICZ, B. 1986 "Performance of some resistant rules for outlier labeling" Journal of the American Statistical Association 81 396 991-999; Houwer, Jan De, Hermans, Dirk 1998 "Affective and identity priming with episodically associated stimuli." Cognition & Emotion 12 2 145-169; Ist{\~A}3k, Eva; Brattico, Elvira; Jacobsen, Thomas; Krohn, Kaisu; et al. Aesthetic responses to music: A questionnaire study. Musicae Scientiae, 13. 2 (2009): 183-206. European Society for the Cognitive Sciences of Music; Sage Publications; Juslin, P.N. and V{\~A}¤stfj{\~A}¤ll, D. (2008), "Emotional responses to music: the need to consider underlying mechanisms", Behavioral and Brain Sciences, Vol. 31 No. 5, pp. 559-75; Kemp-wheeler, S. M., Hill, A. B. 1992 "Semantic and emotional priming below objective detection threshold" Cognition and emotion (Print) 6 2 113-128; Klauer, Karl Christoph, Teige-Mocigemba, Sarah 2007 "Controllability and resource dependence in automatic evaluation" Journal of Experimental Social Psychology 43 4 648-655; Klinger, M. R., Burton, P. C. 2000 "Mechanisms of unconscious priming : I. Response competition, not spreading activation" Journal of Experimental Psychology: Learning, Memory, and Cognition 26 2 441-455; Klinger, M. R., Burton, P. C., & Pitts, G. S. (2000). Mechanisms of unconscious priming: I. Response competition, not spreading activation. Journal of Experimental Psychology: Learning, Memory, and Cognition, 26, 441-455. doi:10.1037/0278- 7393.26.2.441; Koelsch, Stefan, Kasper, Elisabeth 2004 "Music, language and meaning: Brain signatures of semantic processing" Nature Neuroscience 7 3 302-307; Meyer, L B 1956 "Emotion and meaning in music" Emotion and meaning in music xi + 307; Mu{\`I}ller, Mira, Ho{\`I}fel, Lea 2010 "Aesthetic judgments of music in experts and laypersons - An ERP study" International Journal of Psychophysiology 76 1 40-51; M{\~A}1⁄4ller, M., Klein, J., & Jacobsen, T. (2011). Musical experience and genre preferences run deep: A study of differential effects on aesthetic responses to chord progressions in piano music. Manuscript submitted for publication; M{\~A}1⁄4ller, M., Klein, J., & Jacobsen, T. (2009, February). Aesthetic evaluation of chord progressions in piano music. Poster presented at the BrainTuning Workshop: Music, Emotions, and Brain Plasticity, Helsinki, Finland. doi: 10.3389/conf.neuro.09.2009.02.025; Murphy, S. T., Zajonc, R. B. 1993 "Affect, cognition, and awareness : affective priming with optimal and suboptimal stimulus exposures" Journal of Personality and Social Psychology 64 5 723-739; Orr, M. G., & Ohlsson, S. (2005). Relationship between complexity and liking as a function of expertise. Music Perception, 22(4), 583-611.2005-05004-00110.1525/mp.2005.22.4.583; Orr, M G, Ohlsson, S 2005 "Relationship between complexity and liking as a function of expertise" Music Perception 22 4 583-611; Ortony, Andrew, Clore, Gerald L. 1988 "The cognitive structure of emotions." The cognitive structure of emotions. xi, 207; Peretz, I., Gaudreau, D. 1998 "Exposure effects on music preference and recognition" Memory & Cognition 26 5 884-902; Scherer, K R 2004 "Which emotions can be induced by music? What are the underlying mechanisms? And how can we measure them?" Journal of New Music Research 33 3 239-251; Sloboda, J. A. & O'Neill, S. A. (2001). Emotions in everyday listening to music. In P. N. S. Juslin, John A (Ed.), Music and emotion: Theory and research (Vol. viii, pp. 415-429). New York: Oxford University Press; Sloboda, J. A., & O'Neill, S. A. (2001). Emotionsineverydaylisteningtomusic. In P. N. Juslin & J. A. Sloboda (Eds.), Music and emotion (pp. 415-429). New York: Oxford University Press; Sollberger, Bernhard, Reber, Rolf 2003 "Musical chords as affective priming context in a word-evaluation task." Music Perception 20 3 263-282; Spruyt, Adriaan, De Houwer, Jan 2007 "Affective priming of nonaffective semantic categorization responses" Experimental Psychology 54 1 44-53; Steinbeis, Nikolaus, Koelsch, Stefan 2006 "The role of harmonic expectancy violations in musical emotions : Evidence from subjective, physiological, and neural responses" Journal of Cognitive Neuroscience 18 8 1380-1393; Storbeck, Justin, Robinson, Michael D. 2004 "Preferences and Inferences in Encoding Visual Objects: A Systematic Comparison of Semantic and Affective Priming" Personality and Social Psychology Bulletin 30 1 81-93; TILLMANN, B., JANATA, P., BIRK, J., & BHARUCHA, J. J. (2008). Tonal centers and expectancy: Facilitation or inhibition of chords at the top of the harmonic hierarchy? Journal of Experimental Psychology: Human Perception and Performance, 34, 1031-1043; Tillmann, B., Bigand, E. 1998 "Effects of global and local contexts on harmonic expectancy." Music Perception 16 1 99-117; Wentura, D. (2000). Dissociative affective and associative priming effects in the lexical decision task: Yes versus no responses to word targets reveal evaluative judgment tendencies. Journal of Experimental Psychology: Learning, Memory, and Cognition, 26, 456-469. doi:10.1037/0278-7393.26.2.456; Wentura, D. 2000 "Dissociative affective and associative priming effects in the lexical decision task : Yes versus no responses to word targets reveal evaluative judgment tendencies" Journal of Experimental Psychology: Learning, Memory, and Cognition 26 2 456-469; Wittenbrink, Bernd. Measuring Attitudes through Priming. Implicit measures of attitudes. (2007): 17-58. Guilford Press; Zajonc, R B. FEELING AND THINKING - PREFERENCES NEED NO INFERENCES. AMERICAN PSYCHOLOGIST, 35. 2 (1980): 151-175. AMER PSYCHOLOGICAL ASSOC; Zentner, Marcel, Grandiean, Didier 2008 "Emotions Evoked by the Sound of Music : Characterization, Classification, and Measurement" Emotion 8 4 494-521},
	Number = {1},
	Pages = {93-108},
	Title = {Beyond Demand: Investigating Spontaneous Evaluation of Chord Progressions with the Affective Priming Paradigm},
	Url = {http://search.proquest.com.proxy.consortiumlibrary.org/docview/896358267?accountid=14473},
	Volume = {29},
	Year = {2011},
	Bdsk-File-1 = {YnBsaXN0MDDUAQIDBAUGJCVYJHZlcnNpb25YJG9iamVjdHNZJGFyY2hpdmVyVCR0b3ASAAGGoKgHCBMUFRYaIVUkbnVsbNMJCgsMDxJXTlMua2V5c1pOUy5vYmplY3RzViRjbGFzc6INDoACgAOiEBGABIAFgAdccmVsYXRpdmVQYXRoWWFsaWFzRGF0YW8QPwBDAFAATABYADMAOQA0AFQAZQByAG0AUABhAHAAZQByAEIAaQBiAGwAaQBvAGcAcgBhAHAAaAB5AC8ATQB1AwgAbABsAGUAcgAvAE0AdQMIAGwAbABlAHIAMgAwADEAMQBCAEQASQBTAEUAQwBQAFcAQQBQAFAALgBwAGQAZtIXCxgZV05TLmRhdGFPEQJEAAAAAAJEAAIAAAxUaGUgQnVzaW5lc3MAAAAAAAAAAAAAAAAAAADMFclhSCsAAAEXqJ0ZTZ9sbGVyMjAxMUJESVNFQ1BXQVBQLnBkZgAAAAAAAAAAAAAAAAAAAAAAAAAAAAAAAAAAAAAAAAAAAAAAAAAAAReons1eN0AAAAAAAAAAAAABAAQAAAkgAAAAAAAAAAAAAAAAAAAABk2fbGxlcgAQAAgAAMwWOeEAAAARAAgAAM1etdAAAAABABwBF6idARPTQwEWWEkA6AdsAFXcXQBVrAEAALlTAAIAhlRoZSBCdXNpbmVzczpVc2VyczoAY2xpY2tpdHljbGFjazoARHJvcGJveDoAQ1BMWDM5NDoAY3BseDM5NC1yZXNlYXJjaDoAQ1BMWDM5NFRlcm1QYXBlckJpYmxpb2dyYXBoeToATZ9sbGVyOgBNn2xsZXIyMDExQkRJU0VDUFdBUFAucGRmAA4ANgAaAE0AdQMIAGwAbABlAHIAMgAwADEAMQBCAEQASQBTAEUAQwBQAFcAQQBQAFAALgBwAGQAZgAPABoADABUAGgAZQAgAEIAdQBzAGkAbgBlAHMAcwASAHZVc2Vycy9jbGlja2l0eWNsYWNrL0Ryb3Bib3gvQ1BMWDM5NC9jcGx4Mzk0LXJlc2VhcmNoL0NQTFgzOTRUZXJtUGFwZXJCaWJsaW9ncmFwaHkvTXXMiGxsZXIvTXXMiGxsZXIyMDExQkRJU0VDUFdBUFAucGRmABMAAS8AABUAAgAU//8AAIAG0hscHR5aJGNsYXNzbmFtZVgkY2xhc3Nlc11OU011dGFibGVEYXRhox0fIFZOU0RhdGFYTlNPYmplY3TSGxwiI1xOU0RpY3Rpb25hcnmiIiBfEA9OU0tleWVkQXJjaGl2ZXLRJidUcm9vdIABAAgAEQAaACMALQAyADcAQABGAE0AVQBgAGcAagBsAG4AcQBzAHUAdwCEAI4BDwEUARwDZANmA2sDdgN/A40DkQOYA6EDpgOzA7YDyAPLA9AAAAAAAAACAQAAAAAAAAAoAAAAAAAAAAAAAAAAAAAD0g==},
	Bdsk-Url-1 = {http://search.proquest.com.proxy.consortiumlibrary.org/docview/896358267?accountid=14473}}

@article{Daltrozzo2010TAFFMECP,
	Abstract = {We tested whether the emergence of familiarity to a melody may trigger or co-occur with the processing of the concept(s) conveyed by emotions to, or semantic association with, the melody. With this objective, we recorded ERPs while participants were presented with highly familiar and less familiar melodies in a gating paradigm. The ERPs time locked to a tone of the melody called the "familiarity emergence point" showed a larger fronto-central negativity for highly familiar compared with less familiar melodies between 200 and 500 msec, with a peak latency around 400 msec. This latency and the sensitivity to the degree of familiarity/conceptual information suggest that this component was an N400, a marker of conceptual processing. Our data suggest that the feeling of familiarity evoked by a musical excerpt could be accompanied by other processing mechanisms at the conceptual level. Coupling the gating paradigm with ERP analyses might become a new avenue for investigating the neurocognit},
	Author = {Daltrozzo, J{\'e}r{\^o}meTillmann, BarbaraPlatel, Herv{\'e}Sch{\"o}n, Daniele},
	Date-Added = {2013-03-07 13:16:18 +0000},
	Date-Modified = {2013-03-07 13:16:18 +0000},
	Issn = {0898929X},
	Journal = {Journal of Cognitive Neuroscience},
	Keywords = {COGNITIVE neuroscience, COMPARATIVE linguistics, LANGUAGE & languages -- Study & teaching, SEMANTICS, NEUROPSYCHOLOGY},
	Number = {8},
	Pages = {1754 - 1769},
	Title = {Temporal Aspects of the Feeling of Familiarity for Music and the Emergence of Conceptual Processing.},
	Url = {http://proxy.consortiumlibrary.org/login?url=http://search.ebscohost.com/login.aspx?direct=true&db=pbh&AN=50282011&site=ehost-live},
	Volume = {22},
	Year = {2010},
	Bdsk-File-1 = {YnBsaXN0MDDUAQIDBAUGJCVYJHZlcnNpb25YJG9iamVjdHNZJGFyY2hpdmVyVCR0b3ASAAGGoKgHCBMUFRYaIVUkbnVsbNMJCgsMDxJXTlMua2V5c1pOUy5vYmplY3RzViRjbGFzc6INDoACgAOiEBGABIAFgAdccmVsYXRpdmVQYXRoWWFsaWFzRGF0YV8QQENQTFgzOTRUZXJtUGFwZXJCaWJsaW9ncmFwaHkvRGFsdHJvenpvL0RhbHRyb3p6bzIwMTBUQUZGTUVDUC5wZGbSFwsYGVdOUy5kYXRhTxECSgAAAAACSgACAAAMVGhlIEJ1c2luZXNzAAAAAAAAAAAAAAAAAAAAzBXJYUgrAAABF6iQGURhbHRyb3p6bzIwMTBUQUZGTUVDUC5wZGYAAAAAAAAAAAAAAAAAAAAAAAAAAAAAAAAAAAAAAAAAAAAAAAAAAAEXqJHNXjdAAAAAAAAAAAAAAQAEAAAJIAAAAAAAAAAAAAAAAAAAAAlEYWx0cm96em8AABAACAAAzBY54QAAABEACAAAzV610AAAAAEAHAEXqJABE9NDARZYSQDoB2wAVdxdAFWsAQAAuVMAAgCJVGhlIEJ1c2luZXNzOlVzZXJzOgBjbGlja2l0eWNsYWNrOgBEcm9wYm94OgBDUExYMzk0OgBjcGx4Mzk0LXJlc2VhcmNoOgBDUExYMzk0VGVybVBhcGVyQmlibGlvZ3JhcGh5OgBEYWx0cm96em86AERhbHRyb3p6bzIwMTBUQUZGTUVDUC5wZGYAAA4ANAAZAEQAYQBsAHQAcgBvAHoAegBvADIAMAAxADAAVABBAEYARgBNAEUAQwBQAC4AcABkAGYADwAaAAwAVABoAGUAIABCAHUAcwBpAG4AZQBzAHMAEgB1VXNlcnMvY2xpY2tpdHljbGFjay9Ecm9wYm94L0NQTFgzOTQvY3BseDM5NC1yZXNlYXJjaC9DUExYMzk0VGVybVBhcGVyQmlibGlvZ3JhcGh5L0RhbHRyb3p6by9EYWx0cm96em8yMDEwVEFGRk1FQ1AucGRmAAATAAEvAAAVAAIAFP//AACABtIbHB0eWiRjbGFzc25hbWVYJGNsYXNzZXNdTlNNdXRhYmxlRGF0YaMdHyBWTlNEYXRhWE5TT2JqZWN00hscIiNcTlNEaWN0aW9uYXJ5oiIgXxAPTlNLZXllZEFyY2hpdmVy0SYnVHJvb3SAAQAIABEAGgAjAC0AMgA3AEAARgBNAFUAYABnAGoAbABuAHEAcwB1AHcAhACOANEA1gDeAywDLgMzAz4DRwNVA1kDYANpA24DewN+A5ADkwOYAAAAAAAAAgEAAAAAAAAAKAAAAAAAAAAAAAAAAAAAA5o=},
	Bdsk-Url-1 = {http://proxy.consortiumlibrary.org/login?url=http://search.ebscohost.com/login.aspx?direct=true&db=pbh&AN=50282011&site=ehost-live}}

@incollection{Gruhn2009ASSSD,
	Author = {Gruhn, Wilfried},
	Booktitle = {Music that works},
	Date-Added = {2013-03-07 13:14:56 +0000},
	Date-Modified = {2013-03-07 13:15:05 +0000},
	Doi = {10.1007/978-3-211-75121-3_6},
	Editor = {Haas, Roland and Brandes, Vera},
	Isbn = {978-3-211-75120-6},
	Language = {English},
	Pages = {109-117},
	Publisher = {Springer Vienna},
	Title = {The audio-vocal system in song and speech development},
	Url = {http://dx.doi.org/10.1007/978-3-211-75121-3_6},
	Year = {2009},
	Bdsk-File-1 = {YnBsaXN0MDDUAQIDBAUGJCVYJHZlcnNpb25YJG9iamVjdHNZJGFyY2hpdmVyVCR0b3ASAAGGoKgHCBMUFRYaIVUkbnVsbNMJCgsMDxJXTlMua2V5c1pOUy5vYmplY3RzViRjbGFzc6INDoACgAOiEBGABIAFgAdccmVsYXRpdmVQYXRoWWFsaWFzRGF0YV8QNUNQTFgzOTRUZXJtUGFwZXJCaWJsaW9ncmFwaHkvR3J1aG4vR3J1aG4yMDA5QVNTU0QucGRm0hcLGBlXTlMuZGF0YU8RAiAAAAAAAiAAAgAADFRoZSBCdXNpbmVzcwAAAAAAAAAAAAAAAAAAAMwVyWFIKwAAAReolBJHcnVobjIwMDlBU1NTRC5wZGYAAAAAAAAAAAAAAAAAAAAAAAAAAAAAAAAAAAAAAAAAAAAAAAAAAAAAAAAAAAABF6iVzV43QAAAAAAAAAAAAAEABAAACSAAAAAAAAAAAAAAAAAAAAAFR3J1aG4AABAACAAAzBY54QAAABEACAAAzV610AAAAAEAHAEXqJQBE9NDARZYSQDoB2wAVdxdAFWsAQAAuVMAAgB+VGhlIEJ1c2luZXNzOlVzZXJzOgBjbGlja2l0eWNsYWNrOgBEcm9wYm94OgBDUExYMzk0OgBjcGx4Mzk0LXJlc2VhcmNoOgBDUExYMzk0VGVybVBhcGVyQmlibGlvZ3JhcGh5OgBHcnVobjoAR3J1aG4yMDA5QVNTU0QucGRmAA4AJgASAEcAcgB1AGgAbgAyADAAMAA5AEEAUwBTAFMARAAuAHAAZABmAA8AGgAMAFQAaABlACAAQgB1AHMAaQBuAGUAcwBzABIAalVzZXJzL2NsaWNraXR5Y2xhY2svRHJvcGJveC9DUExYMzk0L2NwbHgzOTQtcmVzZWFyY2gvQ1BMWDM5NFRlcm1QYXBlckJpYmxpb2dyYXBoeS9HcnVobi9HcnVobjIwMDlBU1NTRC5wZGYAEwABLwAAFQACABT//wAAgAbSGxwdHlokY2xhc3NuYW1lWCRjbGFzc2VzXU5TTXV0YWJsZURhdGGjHR8gVk5TRGF0YVhOU09iamVjdNIbHCIjXE5TRGljdGlvbmFyeaIiIF8QD05TS2V5ZWRBcmNoaXZlctEmJ1Ryb290gAEACAARABoAIwAtADIANwBAAEYATQBVAGAAZwBqAGwAbgBxAHMAdQB3AIQAjgDGAMsA0wL3AvkC/gMJAxIDIAMkAysDNAM5A0YDSQNbA14DYwAAAAAAAAIBAAAAAAAAACgAAAAAAAAAAAAAAAAAAANl},
	Bdsk-Url-1 = {http://dx.doi.org/10.1007/978-3-211-75121-3_6}}

@article{Featherstone2012NCNVSSIAML,
	Abstract = {Research into similarities between music and language processing is currently experiencing a strong renewed interest. Recent methodological advances have led to neuroimaging studies presenting striking similarities between neural patterns associated with the processing of music and language-notably, in the study of participants' responses to elements that are incongruous with their musical or linguistic context. Responding to a call for greater systematicity by leading researchers in the field of music and language psychology, this article describes the creation, selection, and validation of a set of auditory stimuli in which both congruence and resolution were manipulated in equivalent ways across harmony, rhythm, semantics, and syntax. Three conditions were created by changing the contexts preceding and following musical and linguistic incongruities originally used for effect by authors and composers: Stimuli in the incongruous-resolved condition reproduced the original incongruity and resolution into the same context; stimuli in the incongruous-unresolved condition reproduced the incongruity but continued postincongruity with a new context dictated by the incongruity; and stimuli in the congruous condition presented the same element of interest, but the entire context was adapted to match it so that it was no longer incongruous. The manipulations described in this article rendered unrecognizable the original incongruities from which the stimuli were adapted, while maintaining ecological validity. The norming procedure and validation study resulted in a significant increase in perceived oddity from congruous to incongruous-resolved and from incongruous- resolved to incongruous-unresolved in all four components of music and language, making this set of stimuli a theoretically grounded and empirically validated resource for this growing area of research. PUBLICATION ABSTRACT]},
	Author = {Featherstone,Cara R. and Waterman,Mitch G. and Morrison,Catriona M.},
	Date-Added = {2013-03-07 05:33:43 +0000},
	Date-Modified = {2013-03-07 05:33:43 +0000},
	Journal = {Behavior Research Methods (Online)},
	Keywords = {Psychology},
	Language = {English},
	Note = {Copyright - Copyright Springer Science & Business Media Mar 2012; Language of summary - English; Pages - 81-94; ProQuest ID - 1000451721; Document feature - ; Tables; Graphs; Diagrams; Last updated - 2012-04-16; Place of publication - New York; Corporate institution author - Featherstone, Cara R; Waterman, Mitch G; Morrison, Catriona M; DOI - 2634846281; 68588832; 162337; BRNL; INNNBRNL0000908063; ; Abdallah, S. A., & Plumbley, M. D. (2008). Information dynamics and the perception of temporal structure in music. In J. Mayor, N. Ruh, & K. Plunkett (Eds.), Connectionist models of behaviour and cognition II: Proceedings of the 11th Neural Computation and Psychology Workshop (pp. 179-190). Hackensack: World Scientific; Besson, M., Faita, F., & Requin, J. (1994). Brain waves associated with musical incongruities differ for musicians and nonmusicians. Neuroscience Letters, 168, 101-105; Besson, M., & Macar, F. (1987). An event-related potential analysis of incongruity in music and other non-linguistic contexts. Psychophysiology, 24, 14-25; Bod, R. (2002). A unified model of structural organization in language and music. Journal of Artificial Intelligence Research, 17, 289-308; Bonnaud, V., Gil, R., & Ingrand, P. (2002). Metaphorical and nonmetaphorical links: A behavioral and ERP study in young and elderly adults. Neurophysiologie Clinique, 32, 258-268; Bowdle, B. F., & Gentner, D. (2005). The career of metaphor. Psychological Review, 112, 193-216; Brown, S., Martinez, M. J., & Parsons, L. M. (2006). Music and language side by side in the brain: A PET study of the generation of melodies and sentences. European Journal of Neuroscience, 23, 2791-2803; Clark, E., & Clark, H. (1979). When nouns surface as verbs. Language, 55, 767-811; Coulson, S., & Van Petten, C. (2002). Conceptual integration and metaphor: An event-related potential study. Memory & Cognition, 30, 958-968; Coulson, S., & Van Petten, C. (2007). A special role for the right hemisphere in metaphor comprehension? ERP evidence from hemifield presentation. Brain Research, 1146, 128-145; Ducreux, D., Marsot-Dupuch, K., Lasjaunias, P., Oppenheim, C., & Fr{\'e}dy, D. (2003). Lyrical and musical auditive mental imagery in functional MRI. Journal of Neuroradiology, 30, 18-24; Featherstone, C. R. (2010). Sounding sparks: Incongruities and aesthetics in music and language. Ph.D. thesis, Unversity of Leeds; Fedorenko, E., Patel, A. D., Casasanto, D., Winawer, J., & Gibson, E. (2009). Structural integration in language and music: Evidence for a shared system. Memory & Cognition, 37, 1-9; Hale, J. (2001). A probabilistic early parser as a psycholinguistic model. In -Proceedings of the Second Meeting of the North American Chapter of the Association for Computational Linguistics on Language Technologies (pp. 1-8). Pittsburgh, Pennsylvania Association for Computational Linguistics; Hantz, E. C., Kreilick, K. G., Kananen, W., & Swartz, K. P. (1997). Neural responses to melodic and harmonic closure: An eventrelated- potential study. Music Perception, 15, 69-98; Huron, D. (2006). Sweet anticipation. Cambridge: MIT Press; Jentschke, S., Koelsch, S., & Friederici, A. D. (2005). Investigating the relationship of music and language in children: Influences of musical training and language impairment. In G. Avanzini, L. Lopez, S. Koelsch, & M. Manjno (Eds.), The neurosciences and music II: From perception to performance (pp. 231-242). New York: New York Academy of Sciences; Juslin, P. N., & V{\"a}stfj{\"a}ll, D. (2008). Emotional responses to music: The need to consider underlying mechanisms. Behavioural and Brain Sciences, 31, 559-621; Kazmerski, V., Blasko, D., & Dessalegn, B. (2003). ERP and behavioral evidence of individual differences in metaphor comprehension. Memory & Cognition, 31, 673-689; Kluender, R., & Kutas, M. (1993). Subjacency as a processing phenomenon. Language and Cognitive Processes, 84, 573-633; Koelsch, S., Gunter, T., Schroger, E., & Friederici, A. D. (2003). Processing tonal modulations: An ERP study. Journal of Cognitive Neuroscience, 15, 1149-1159; Koelsch, S., Kasper, E., Sammler, D., Schulze, K., Gunter, T., & Friederici, A. D. (2004). Music, language and meaning: Brain signatures of semantic processing. Nature Neuroscience, 7, 302-307; Koornneef, A. W., & Van Berkum, J. J. A. (2006). On the use of verbbased implicit causality in sentence comprehension: Evidence from self-paced reading and eye tracking. Journal of Memory and Language, 54, 445-465; Kutas, M. (1998). Current thinking on language structures. Cahiers de Psychology Cognitive/Current Psychology of Cognition, 17(45), 951-969; Lee, C. L., & Federmeier, K. D. (2006). To mind the mind: An eventrelated potential study of word class and semantic ambiguity. Brain Research, 108, 191-202; Levitin, D. J., & Menon, V. (2005). The neural locus of temporal structure and expectancies in music: Evidence from functional neuroimaging at 3 tesla. Music Perception, 22, 563- 575; Levy, R. (2008). Expectation-based syntactic comprehension. Cognition, 106, 1126-1177; McMullen, E., & Saffran, J. R. (2004). Music and language: A developmental comparison. Music Perception, 21, 289-311; Meyer, L. B. (1956). Emotion and meaning in music. Chicago: University of Chicago Press; Miranda, R. A., & Ullman, M. T. (2007). Double dissociation between rules and memory in music: An event-related potential study. NeuroImage, 38, 331-345; Ortony, A. (1975). Why metaphors are necessary and not just nice. Educational Theory, 25, 45-53; Patel, A. D. (2003). Language, music, syntax and the brain. Nature Neuroscience, 6, 674-681; Patel, A. D. (2008). Music, language and the brain. Oxford: Oxford University Press; Patel, A. D., Gibson, E., Ratner, J., Besson, M., & Holcomb, P. J. (1998). Processing syntactic relations in language and music: An event-related potential study. Journal of Cognitive Neuroscience, 10, 717-733; Piston, W. (1978). Harmony. London: Gollancz; Poulin-Charronnat, B., Bigand, E., Madurall, F., & Peereman, R. (2006). Musical structure modulates semantic priming in vocal music. Cognition, 94, B67-B78; Pynte, J., Besson, M., Robichon, F., & Poli, J. (1996). The time course of metaphor comprehension: An event-related potential study. Brain and Language, 55, 293-316; Schmithorst, V. J. (2005). Separate cortical networks involved in music perception: Preliminary functional MRI evidence for modularity of music processing. NeuroImage, 25, 444-451; Schmuckler, M. A. (1989). Expectation in music: Investigation of melodic and harmonic processes. Music Perception, 7, 109-150; Slevc, L. R., Rosenberg, J. C., & Patel, A. D. (2009). Making psycholinguistic musical: Self-paced reading time evidence for shared processing of linguistic and musical syntax. Psychonomic Bulletin & Review, 16, 374-381; Steinbeis, N., & Koelsch, S. (2008). Shared neural resources between music and language indicate semantic processing of musical tension-resolution patterns. Cerebral Cortex, 18, 1169-1178; Steinbeis, N., Koelsch, S., & Sloboda, J. A. (2006). The role of harmonic expectancy violations in musical emotions: Evidence from subjective, physiological, and neural responses. Journal of Cognitive Neuroscience, 18, 1380-1393; Tartter, V. C., Gomes, H., Dubrovsky, B., Molholm, S., & Stewart, R. V. (2002). Novel metaphors appear anomalous at least momentarily: Evidence from N400. Brain and Language, 80, 488-509; Tervaniemi, M., Szameitat, A. J., Kruck, S., Schroger, E., Alter, K., De Baene, W., et al. (2006). From air oscillations to music and speech: Functional magnetic resonance imaging evidence for fine-tuned neural networks in audition. Journal of Neuroscience, 26, 8647-8652; Thierry, G., Martin, C. D., Gonzalez-Diaz, V., Rezaie, R., Roberts, N., & Davis, P. M. (2008). Event-related potential characterisation of the Shakespearean functional shift in narrative sentence structure. NeuroImage, 40, 923-931; Van Berkum, J. J. A., Brown, C., Zwitserlood, P., Koojman, V., & Hagoort, P. (2005). Anticipating upcoming words in discource: Evidence from ERPs and reading times. Journal of Experimental Psychology. Learning, Memory, and Cognition, 31, 443-467; Vuust, P., & Kringelbach, M. L. (2010). The pleasure of making sense of music. Interdisciplinary Science Reviews, 35, 166-182; Williamson, V. J., Baddeley, A. D., & Hitch, G. J. (2010). Musicians' and nonmusicians' short-term memory for verbal and musical sequences: Comparing phonological similarity and pitch proximity. Memory & Cognition, 38, 163-175; BESSON, M.; FA{\~A}TA, F.; REQUIN, J. Brain waves associated with musical incongruities differ for musicians and non-musicians. Neuroscience letters, 168. 1-2 (1994): 101-105. Elsevier; Besson, M, Macar, F 1987 "AN EVENT-RELATED POTENTIAL ANALYSIS OF INCONGRUITY IN MUSIC AND OTHER NONLINGUISTIC CONTEXTS" Psychophysiology 24 1 14-25; Bod, R, Bod, R 2002 "A unified model of structural organization in language and music" Journal of Artificial Intelligence Research (JAIR) 17 289-308; Bonnaud, V{\~A}{\copyright}ronique, Gil, Roger, Ingrand, Pierre 2002 "Metaphorical and non-metaphorical links: a behavioral and ERP study in young and elderly adults" Neurophysiologie Clinique / Clinical Neurophysiology 32 4 258-268; Bowdle, Brian F., Gentner, Dedre 2005 "The Career of Metaphor" Psychological Review 112 1 193-216; Brown, Steven, Martinez, Michael J. 2006 "Music and language side by side in the brain: a PET study of the generation of melodies and sentences" European Journal of Neuroscience 23 10 2791-2803; Clark, E V; Clark, H H. WHEN NOUNS SURFACE AS VERBS. LANGUAGE, 55. 4 (1979): 767-811. LINGUISTIC SOC AMER; Coulson, Seana; VanPetten, Cyma; Swaab, Tamara. A special role for the right hemisphere in metaphor comprehension? ERP evidence from hemifield presentation. Brain research, 1146. (2007): 128-145. Elsevier; Elsevier; Elsevier; Coulson, Seana, Van Petten, Cyma 2002 "Conceptual Integration and Metaphor: An Event-Related Potential Study" Memory & Cognition 30 6 958-968; Ducreux, D; Marsot-Dupuch, K; Lasjaunias, P; Oppenheim, C; et al. Lyrical and musical auditive mental imagery in functional MRI. JOURNAL OF NEURORADIOLOGY, 30. 1 (2003): 18-24. MASSON EDITEUR; Fedorenko, Evelina, Patel, Aniruddh 2009 "Structural integration in language and music : Evidence for a shared system" Memory & Cognition 37 1 1-9; Hale, J. (2001). A probabilistic Earley parser as a psycholinguistic model. In Proceedings of the Second Meeting of the North American Chapter of the Association for Computational Linguistics (Vol. 2, pp. 159-166). New Brunswick, NJ: Association for Computational Linguistics; Hantz, Edwin C.; Kreilick, Kelley G.; Kananen, William; Swartz, Kenneth P. Neural responses to melodic and harmonic closure: An event-related-potential study. Music Perception, 15. 1 (1997): 69-98. University of California Press; Huron, David. Sweet anticipation: Music and the psychology of expectation. Sweet anticipation: Music and the psychology of expectation. (2006): xii, 462. The MIT Press; Jentschke, Sebastian, Koelsch, Stefan 2005 "Investigating the relationship of music and language in children: influences of musical training and language impairment." Annals of the New York Academy of Sciences 1060 231-242; Juslin, P.N. and V{\~A}¤stfj{\~A}¤ll, D. (2008), "Emotional responses to music: the need to consider underlying mechanisms", Behavioral and Brain Sciences, Vol. 31 No. 5, pp. 559-75; KAZMERSKI, Victoria A.; BLASKO, Dawn G.; DESSALEGN, Banchiamlack G. ERP and behavioral evidence of individual differences in metaphor comprehension. Memory & cognition, 31. 5 (2003): 673-689. Psychonomic Society; Kluender, Robert; Kutas, Marta. Subjacency as a processing phenomenon. Language and Cognitive Processes, 8. 4 (1993): 573-633. Taylor & Francis; Koelsch, Stefan; Gunter, Thomas; Schr{\~A}ger, Erich; Friederici, Angela D. Processing tonal modulations: An ERP study. Journal of cognitive neuroscience, 15. 8 (2003): 1149-1159. MIT Press; Koelsch, Stefan; Kasper, Elisabeth; Sammler, Daniela; Schulze, Katrin; et al. Music, language and meaning: Brain signatures of semantic processing. Nature Neuroscience, 7. 3 (2004): 302-307. Nature Publishing Group; Koornneef, A W; Van Berkum, JJA. On the use of verb-based implicit causality in sentence comprehension: Evidence from self-paced reading and eye tracking. JOURNAL OF MEMORY AND LANGUAGE, 54. 4 (2006): 445-465. ACADEMIC PRESS INC ELSEVIER SCIENCE; Kutas, M, Kutas, M 1998 "Current thinking on language structures" CAHIERS DE PSYCHOLOGIE COGNITIVE-CURRENT PSYCHOLOGY OF COGNITION 17 4-5 951-969; Lee, C.L., & Federmeier, K.D. (2006). To mind the mind: An event-related potential study of word class and semantic ambiguity. Brain Research, 1081(1), 191-202.1651616910.1016/j.brainres.2006.01.0582006-05132-008; Levitin, Daniel J.; Menon, Vinod. The Neural Locus of Temporal Structure and Expectancies in Music: Evidence From Functional Neuroimaging At 3 Tesla. Music Perception, 22. 3 (2005): 563-575. University of California Press; Levy, Roger 2008 "Expectation-based syntactic comprehension" Cognition 106 3 1126-1177; McMullen, Erin; Saffran, Jenny R. Music and Language: A Developmental Comparison. Music Perception, 21. 3 (2004): 289-311. University of California Press; Meyer, L B 1956 "Emotion and meaning in music" Emotion and meaning in music xi + 307; Miranda, Robbin A., Ullman, Michael T. 2007 "Double dissociation between rules and memory in music: An event-related potential study" NeuroImage 38 2 331-345; Ortony, A 1975 "WHY METAPHORS ARE NECESSARY AND NOT JUST NICE" Educational Theory 25 1 45-53; Patel, Aniruddh D. Language, music, syntax and the brain. Nature Neuroscience, 6. 7 (2003): 674-681. Nature Publishing Group; Patel, Aniruddh D. Music, language, and the brain. Music, language, and the brain. (2008): xi, 513. Oxford University Press; Patel, Aniruddh D.; Gibson, Edward; Ratner, Jennifer; Besson, Mireille; et al. Processing syntactic relations in language and music: An event-related potential study. Journal of Cognitive Neuroscience, 10. 6 (1998): 717-733. MIT Press; Poulin-charronnat, B{\~A}{\copyright}n{\~A}{\copyright}dicte; Bigand, Emmanuel; Madurell, Francois; Peereman, Ronald. Musical structure modulates semantic priming in vocal music. Cognition, 94. 3 (2005): B67-B78. Elsevier Science; Pynte, J, Besson, M 1996 "The time-course of metaphor comprehension: An event-related potential study" Brain and Language 55 3 293-316; Schmithorst, Vincent J. 2005 "Separate cortical networks involved in music perception: Preliminary functional MRI evidence for modularity of music processing" NeuroImage 25 2 444-451; Schmuckler, Ma. EXPECTATION IN MUSIC - INVESTIGATION OF MELODIC AND HARMONIC PROCESSES. MUSIC PERCEPTION, 7. 2 (1989): 109-150. UNIV CALIF PRESS; Slevc, L. Robert, Rosenberg, Jason C. 2009 "Making psycholinguistics musical : Self-paced reading time evidence for shared processing of linguistic and musical syntax" Psychonomic Bulletin & Review 16 2 374-381; Steinbeis, Nikolaus, Koelsch, Stefan 2008 "Shared neural resources between music and language indicate semantic processing of musical tension-resolution patterns" Cerebral Cortex 18 5 1169-1178; Steinbeis, Nikolaus, Koelsch, Stefan 2006 "The role of harmonic expectancy violations in musical emotions : Evidence from subjective, physiological, and neural responses" Journal of Cognitive Neuroscience 18 8 1380-1393; Tartter, Vivien C., Gomes, Hilary 2002 "Novel metaphors appear anomalous at least momentarily: Evidence from N400" Brain and Language 80 3 488-509; Tervaniemi, Mari; Szameitat, Andre{\`I} J.; Kruck, Stefanie; Schro{\`I}ger, Erich; et al. From air oscillations to music and speech: Functional magnetic resonance imaging evidence for fine-tuned neural networks in audition. Journal of Neuroscience, 26. 34 (2006): 8647-8652. Society for Neuroscience; Thierry, Guillaume; Martin, Clara D.; Gonzalez-Diaz, Victorina; Rezaie, Roozbeh; et al. Event-related potential characterisation of the Shakespearean functional shift in narrative sentence structure. NEUROIMAGE, 40. 2 (2008): 923-931. ACADEMIC PRESS INC ELSEVIER SCIENCE; VAN BERKUM, Jos J. A.; BROWN, Colin M.; ZWITSERLOOD, Pienie; KOOIJMAN, Valesca; et al. Anticipating upcoming words in discourse: Evidence from ERPs and reading times. Journal of experimental psychology. Learning, memory, and cognition, 31. 3 (2005): 443-467. American Psychological Association; WILLIAMSON, Victoria J., BADDELEY, Alan D. 2010 "Musicians' and nonmusicians' short-term memory for verbal and musical sequences: Comparing phonological similarity and pitch proximity" Memory & Cognition 38 2 163-175},
	Number = {1},
	Pages = {81-94},
	Title = {Norming the odd: Creation, norming, and validation of a stimulus set for the study of incongruities across music and language},
	Url = {http://search.proquest.com.proxy.consortiumlibrary.org/docview/1000451721?accountid=14473},
	Volume = {44},
	Year = {2012},
	Bdsk-File-1 = {YnBsaXN0MDDUAQIDBAUGJCVYJHZlcnNpb25YJG9iamVjdHNZJGFyY2hpdmVyVCR0b3ASAAGGoKgHCBMUFRYaIVUkbnVsbNMJCgsMDxJXTlMua2V5c1pOUy5vYmplY3RzViRjbGFzc6INDoACgAOiEBGABIAFgAdccmVsYXRpdmVQYXRoWWFsaWFzRGF0YV8QSENQTFgzOTRUZXJtUGFwZXJCaWJsaW9ncmFwaHkvRmVhdGhlcnN0b25lL0ZlYXRoZXJzdG9uZTIwMTJOQ05WU1NJQU1MLnBkZtIXCxgZV05TLmRhdGFPEQJmAAAAAAJmAAIAAAxUaGUgQnVzaW5lc3MAAAAAAAAAAAAAAAAAAADMFclhSCsAAAEXqJIeRmVhdGhlcnN0b25lMjAxMk5DTlZTU0lBTUwucGRmAAAAAAAAAAAAAAAAAAAAAAAAAAAAAAAAAAAAAAAAAAAAAReok81eN0AAAAAAAAAAAAABAAQAAAkgAAAAAAAAAAAAAAAAAAAADEZlYXRoZXJzdG9uZQAQAAgAAMwWOeEAAAARAAgAAM1etdAAAAABABwBF6iSARPTQwEWWEkA6AdsAFXcXQBVrAEAALlTAAIAkVRoZSBCdXNpbmVzczpVc2VyczoAY2xpY2tpdHljbGFjazoARHJvcGJveDoAQ1BMWDM5NDoAY3BseDM5NC1yZXNlYXJjaDoAQ1BMWDM5NFRlcm1QYXBlckJpYmxpb2dyYXBoeToARmVhdGhlcnN0b25lOgBGZWF0aGVyc3RvbmUyMDEyTkNOVlNTSUFNTC5wZGYAAA4APgAeAEYAZQBhAHQAaABlAHIAcwB0AG8AbgBlADIAMAAxADIATgBDAE4AVgBTAFMASQBBAE0ATAAuAHAAZABmAA8AGgAMAFQAaABlACAAQgB1AHMAaQBuAGUAcwBzABIAfVVzZXJzL2NsaWNraXR5Y2xhY2svRHJvcGJveC9DUExYMzk0L2NwbHgzOTQtcmVzZWFyY2gvQ1BMWDM5NFRlcm1QYXBlckJpYmxpb2dyYXBoeS9GZWF0aGVyc3RvbmUvRmVhdGhlcnN0b25lMjAxMk5DTlZTU0lBTUwucGRmAAATAAEvAAAVAAIAFP//AACABtIbHB0eWiRjbGFzc25hbWVYJGNsYXNzZXNdTlNNdXRhYmxlRGF0YaMdHyBWTlNEYXRhWE5TT2JqZWN00hscIiNcTlNEaWN0aW9uYXJ5oiIgXxAPTlNLZXllZEFyY2hpdmVy0SYnVHJvb3SAAQAIABEAGgAjAC0AMgA3AEAARgBNAFUAYABnAGoAbABuAHEAcwB1AHcAhACOANkA3gDmA1ADUgNXA2IDawN5A30DhAONA5IDnwOiA7QDtwO8AAAAAAAAAgEAAAAAAAAAKAAAAAAAAAAAAAAAAAAAA74=},
	Bdsk-Url-1 = {http://search.proquest.com.proxy.consortiumlibrary.org/docview/1000451721?accountid=14473}}

@article{PSYP:PSYP1134,
	Abstract = {There has been much debate over whether music can convey extra-musical meaning. The experiments presented here investigated whether low level musical features, specifically the timbre of a sound, have a direct access route to meaningful representations. Short musical sounds with varying timbres were investigated with regard to their ability to elicit meaningful associations, and the neural mechanisms underlying the meaningful processing of sounds were compared to those underlying the semantic processing of words. Two EEG experiments were carried out, and N400 effects were found for sound and word targets following sound and word primes in a semantic relatedness judgment task. No N400 effects were found in a memory task. The results show that even short musical sounds outside of a musical context are capable of conveying meaning information, but that sounds require more elaborate processing than other kinds of meaningful stimuli.},
	Author = {Painter, Julia Grieser and Koelsch, Stefan},
	Date-Added = {2013-03-07 05:29:12 +0000},
	Date-Modified = {2013-03-07 05:29:12 +0000},
	Doi = {10.1111/j.1469-8986.2010.01134.x},
	Issn = {1469-8986},
	Journal = {Psychophysiology},
	Keywords = {Music, Language, Meaning, N400, EEG, ERPs},
	Number = {5},
	Pages = {645--655},
	Publisher = {Blackwell Publishing Inc},
	Title = {Can out-of-context musical sounds convey meaning? An ERP study on the processing of meaning in music},
	Url = {http://dx.doi.org/10.1111/j.1469-8986.2010.01134.x},
	Volume = {48},
	Year = {2011},
	Bdsk-File-1 = {YnBsaXN0MDDUAQIDBAUGJCVYJHZlcnNpb25YJG9iamVjdHNZJGFyY2hpdmVyVCR0b3ASAAGGoKgHCBMUFRYaIVUkbnVsbNMJCgsMDxJXTlMua2V5c1pOUy5vYmplY3RzViRjbGFzc6INDoACgAOiEBGABIAFgAdccmVsYXRpdmVQYXRoWWFsaWFzRGF0YV8QPUNQTFgzOTRUZXJtUGFwZXJCaWJsaW9ncmFwaHkvUGFpbnRlci9QYWludGVyMjAxMU9NU0NNU1BNTS5wZGbSFwsYGVdOUy5kYXRhTxECPgAAAAACPgACAAAMVGhlIEJ1c2luZXNzAAAAAAAAAAAAAAAAAAAAzBXJYUgrAAABF6ifGFBhaW50ZXIyMDExT01TQ01TUE1NLnBkZgAAAAAAAAAAAAAAAAAAAAAAAAAAAAAAAAAAAAAAAAAAAAAAAAAAAAEXqKDNXjdAAAAAAAAAAAAAAQAEAAAJIAAAAAAAAAAAAAAAAAAAAAdQYWludGVyAAAQAAgAAMwWOeEAAAARAAgAAM1etdAAAAABABwBF6ifARPTQwEWWEkA6AdsAFXcXQBVrAEAALlTAAIAhlRoZSBCdXNpbmVzczpVc2VyczoAY2xpY2tpdHljbGFjazoARHJvcGJveDoAQ1BMWDM5NDoAY3BseDM5NC1yZXNlYXJjaDoAQ1BMWDM5NFRlcm1QYXBlckJpYmxpb2dyYXBoeToAUGFpbnRlcjoAUGFpbnRlcjIwMTFPTVNDTVNQTU0ucGRmAA4AMgAYAFAAYQBpAG4AdABlAHIAMgAwADEAMQBPAE0AUwBDAE0AUwBQAE0ATQAuAHAAZABmAA8AGgAMAFQAaABlACAAQgB1AHMAaQBuAGUAcwBzABIAclVzZXJzL2NsaWNraXR5Y2xhY2svRHJvcGJveC9DUExYMzk0L2NwbHgzOTQtcmVzZWFyY2gvQ1BMWDM5NFRlcm1QYXBlckJpYmxpb2dyYXBoeS9QYWludGVyL1BhaW50ZXIyMDExT01TQ01TUE1NLnBkZgATAAEvAAAVAAIAFP//AACABtIbHB0eWiRjbGFzc25hbWVYJGNsYXNzZXNdTlNNdXRhYmxlRGF0YaMdHyBWTlNEYXRhWE5TT2JqZWN00hscIiNcTlNEaWN0aW9uYXJ5oiIgXxAPTlNLZXllZEFyY2hpdmVy0SYnVHJvb3SAAQAIABEAGgAjAC0AMgA3AEAARgBNAFUAYABnAGoAbABuAHEAcwB1AHcAhACOAM4A0wDbAx0DHwMkAy8DOANGA0oDUQNaA18DbANvA4EDhAOJAAAAAAAAAgEAAAAAAAAAKAAAAAAAAAAAAAAAAAAAA4s=},
	Bdsk-Url-1 = {http://dx.doi.org/10.1111/j.1469-8986.2010.01134.x}}

@article{Steinbeis2008SNRBMLISPMTP,
	Abstract = {Harmonic tension-resolution patterns have long been hypothesized to be meaningful to listeners familiar with Western music. Even though it has been shown that specifically chosen musical pieces can prime meaningful concepts, the empirical evidence in favor of such a highly specific semantic pathway has been lacking. Here we show that 2 event-related potentials in response to harmonic expectancy violations, the early right anterior negativity (ERAN) and the N500, could be systematically modulated by simultaneously presented language material containing either a syntactic or a semantic violation. Whereas the ERAN was reduced only when presented concurrently with a syntactic language violation and not with a semantic language violation, this pattern was reversed for the N500. This is the first piece of evidence showing that tension- resolution patterns represent a route to meaning in music.},
	Author = {Steinbeis, Nikolaus and Koelsch, Stefan},
	Date-Added = {2013-03-07 05:28:08 +0000},
	Date-Modified = {2013-03-07 05:28:08 +0000},
	Doi = {10.1093/cercor/bhm149},
	Eprint = {http://cercor.oxfordjournals.org/content/18/5/1169.full.pdf+html},
	Journal = {Cerebral Cortex},
	Number = {5},
	Pages = {1169-1178},
	Title = {Shared Neural Resources between Music and Language Indicate Semantic Processing of Musical Tension-Resolution Patterns},
	Url = {http://cercor.oxfordjournals.org/content/18/5/1169.abstract},
	Volume = {18},
	Year = {2008},
	Bdsk-File-1 = {YnBsaXN0MDDUAQIDBAUGJCVYJHZlcnNpb25YJG9iamVjdHNZJGFyY2hpdmVyVCR0b3ASAAGGoKgHCBMUFRYaIVUkbnVsbNMJCgsMDxJXTlMua2V5c1pOUy5vYmplY3RzViRjbGFzc6INDoACgAOiEBGABIAFgAdccmVsYXRpdmVQYXRoWWFsaWFzRGF0YV8QRENQTFgzOTRUZXJtUGFwZXJCaWJsaW9ncmFwaHkvU3RlaW5iZWlzL1N0ZWluYmVpczIwMDhTTlJCTUxJU1BNVFAucGRm0hcLGBlXTlMuZGF0YU8RAloAAAAAAloAAgAADFRoZSBCdXNpbmVzcwAAAAAAAAAAAAAAAAAAAMwVyWFIKwAAAReooR1TdGVpbmJlaXMyMDA4U05SQk1MSVNQTVRQLnBkZgAAAAAAAAAAAAAAAAAAAAAAAAAAAAAAAAAAAAAAAAAAAAABF6iizV43QAAAAAAAAAAAAAEABAAACSAAAAAAAAAAAAAAAAAAAAAJU3RlaW5iZWlzAAAQAAgAAMwWOeEAAAARAAgAAM1etdAAAAABABwBF6ihARPTQwEWWEkA6AdsAFXcXQBVrAEAALlTAAIAjVRoZSBCdXNpbmVzczpVc2VyczoAY2xpY2tpdHljbGFjazoARHJvcGJveDoAQ1BMWDM5NDoAY3BseDM5NC1yZXNlYXJjaDoAQ1BMWDM5NFRlcm1QYXBlckJpYmxpb2dyYXBoeToAU3RlaW5iZWlzOgBTdGVpbmJlaXMyMDA4U05SQk1MSVNQTVRQLnBkZgAADgA8AB0AUwB0AGUAaQBuAGIAZQBpAHMAMgAwADAAOABTAE4AUgBCAE0ATABJAFMAUABNAFQAUAAuAHAAZABmAA8AGgAMAFQAaABlACAAQgB1AHMAaQBuAGUAcwBzABIAeVVzZXJzL2NsaWNraXR5Y2xhY2svRHJvcGJveC9DUExYMzk0L2NwbHgzOTQtcmVzZWFyY2gvQ1BMWDM5NFRlcm1QYXBlckJpYmxpb2dyYXBoeS9TdGVpbmJlaXMvU3RlaW5iZWlzMjAwOFNOUkJNTElTUE1UUC5wZGYAABMAAS8AABUAAgAU//8AAIAG0hscHR5aJGNsYXNzbmFtZVgkY2xhc3Nlc11OU011dGFibGVEYXRhox0fIFZOU0RhdGFYTlNPYmplY3TSGxwiI1xOU0RpY3Rpb25hcnmiIiBfEA9OU0tleWVkQXJjaGl2ZXLRJidUcm9vdIABAAgAEQAaACMALQAyADcAQABGAE0AVQBgAGcAagBsAG4AcQBzAHUAdwCEAI4A1QDaAOIDQANCA0cDUgNbA2kDbQN0A30DggOPA5IDpAOnA6wAAAAAAAACAQAAAAAAAAAoAAAAAAAAAAAAAAAAAAADrg==},
	Bdsk-Url-1 = {http://cercor.oxfordjournals.org/content/18/5/1169.abstract},
	Bdsk-Url-2 = {http://dx.doi.org/10.1093/cercor/bhm149}}

@article{Levitin2009NCTSM,
	Abstract = {In this article, the author reviews studies on the neuroanatomical underpinnings of temporal structure in music. Music's temporal structure has been studied using all the tools available to modern cognitive neuroscience, including genetic models, neuroimaging, mathematical models, and lesion studies. Regions of the brain that attend to and track ongoing temporal structure in music are bilateral, unlike those that subserve temporal structure in speech, which are predominantly left-lateralized. Musical structure processing appears to recruit networks in the prefrontal cortex, inferior frontal cortex, superior temporal poles, and cerebellum (including the cerebellar vermis). When the music is emotionally meaningful, activity extends to the ventral tagmental area, the nucleus accumbens, and the hypothalamus. The author concludes with a discussion of what remains to be addressed in this rapidly growing field as well as the challenges to be faced.},
	Author = {Levitin, Daniel J.},
	Date-Added = {2013-03-07 05:25:25 +0000},
	Date-Modified = {2013-03-07 05:25:25 +0000},
	Doi = {10.1177/1943862109338604},
	Eprint = {http://mmd.sagepub.com/content/1/1/9.full.pdf+html},
	Journal = {Music and Medicine},
	Number = {1},
	Pages = {9-13},
	Title = {The Neural Correlates of Temporal Structure in Music},
	Url = {http://mmd.sagepub.com/content/1/1/9.abstract},
	Volume = {1},
	Year = {2009},
	Bdsk-File-1 = {YnBsaXN0MDDUAQIDBAUGJCVYJHZlcnNpb25YJG9iamVjdHNZJGFyY2hpdmVyVCR0b3ASAAGGoKgHCBMUFRYaIVUkbnVsbNMJCgsMDxJXTlMua2V5c1pOUy5vYmplY3RzViRjbGFzc6INDoACgAOiEBGABIAFgAdccmVsYXRpdmVQYXRoWWFsaWFzRGF0YV8QOUNQTFgzOTRUZXJtUGFwZXJCaWJsaW9ncmFwaHkvTGV2aXRpbi9MZXZpdGluMjAwOU5DVFNNLnBkZtIXCxgZV05TLmRhdGFPEQIuAAAAAAIuAAIAAAxUaGUgQnVzaW5lc3MAAAAAAAAAAAAAAAAAAADMFclhSCsAAAEXqJoUTGV2aXRpbjIwMDlOQ1RTTS5wZGYAAAAAAAAAAAAAAAAAAAAAAAAAAAAAAAAAAAAAAAAAAAAAAAAAAAAAAAAAAReom81eN0AAAAAAAAAAAAABAAQAAAkgAAAAAAAAAAAAAAAAAAAAB0xldml0aW4AABAACAAAzBY54QAAABEACAAAzV610AAAAAEAHAEXqJoBE9NDARZYSQDoB2wAVdxdAFWsAQAAuVMAAgCCVGhlIEJ1c2luZXNzOlVzZXJzOgBjbGlja2l0eWNsYWNrOgBEcm9wYm94OgBDUExYMzk0OgBjcGx4Mzk0LXJlc2VhcmNoOgBDUExYMzk0VGVybVBhcGVyQmlibGlvZ3JhcGh5OgBMZXZpdGluOgBMZXZpdGluMjAwOU5DVFNNLnBkZgAOACoAFABMAGUAdgBpAHQAaQBuADIAMAAwADkATgBDAFQAUwBNAC4AcABkAGYADwAaAAwAVABoAGUAIABCAHUAcwBpAG4AZQBzAHMAEgBuVXNlcnMvY2xpY2tpdHljbGFjay9Ecm9wYm94L0NQTFgzOTQvY3BseDM5NC1yZXNlYXJjaC9DUExYMzk0VGVybVBhcGVyQmlibGlvZ3JhcGh5L0xldml0aW4vTGV2aXRpbjIwMDlOQ1RTTS5wZGYAEwABLwAAFQACABT//wAAgAbSGxwdHlokY2xhc3NuYW1lWCRjbGFzc2VzXU5TTXV0YWJsZURhdGGjHR8gVk5TRGF0YVhOU09iamVjdNIbHCIjXE5TRGljdGlvbmFyeaIiIF8QD05TS2V5ZWRBcmNoaXZlctEmJ1Ryb290gAEACAARABoAIwAtADIANwBAAEYATQBVAGAAZwBqAGwAbgBxAHMAdQB3AIQAjgDKAM8A1wMJAwsDEAMbAyQDMgM2Az0DRgNLA1gDWwNtA3ADdQAAAAAAAAIBAAAAAAAAACgAAAAAAAAAAAAAAAAAAAN3},
	Bdsk-Url-1 = {http://mmd.sagepub.com/content/1/1/9.abstract},
	Bdsk-Url-2 = {http://dx.doi.org/10.1177/1943862109338604}}

@inbook{Jurish2006BPD,
	Abstract = {The main focus of this paper is the characterization of generic musical structure in terms of the apparatus of formal language theory. It is argued that musical competence falls into the same class as natural language with respect to strong generative capacity -- the class of mildly context-sensitive languages described by Joshi (1985).},
	Author = {Bryan Jurish},
	Chapter = {Music as a Formal Language},
	Date-Added = {2013-03-07 04:37:18 +0000},
	Date-Modified = {2013-03-07 05:01:01 +0000},
	Edition = {First},
	Title = {bang: Pure Data},
	Year = {2006},
	Bdsk-File-1 = {YnBsaXN0MDDUAQIDBAUGJCVYJHZlcnNpb25YJG9iamVjdHNZJGFyY2hpdmVyVCR0b3ASAAGGoKgHCBMUFRYaIVUkbnVsbNMJCgsMDxJXTlMua2V5c1pOUy5vYmplY3RzViRjbGFzc6INDoACgAOiEBGABIAFgAdccmVsYXRpdmVQYXRoWWFsaWFzRGF0YV8QNUNQTFgzOTRUZXJtUGFwZXJCaWJsaW9ncmFwaHkvSnVyaXNoL0p1cmlzaDIwMDZCUEQucGRm0hcLGBlXTlMuZGF0YU8RAh4AAAAAAh4AAgAADFRoZSBCdXNpbmVzcwAAAAAAAAAAAAAAAAAAAMwVyWFIKwAAAReomBFKdXJpc2gyMDA2QlBELnBkZgAAAAAAAAAAAAAAAAAAAAAAAAAAAAAAAAAAAAAAAAAAAAAAAAAAAAAAAAAAAAABF6iZzV43QAAAAAAAAAAAAAEABAAACSAAAAAAAAAAAAAAAAAAAAAGSnVyaXNoABAACAAAzBY54QAAABEACAAAzV610AAAAAEAHAEXqJgBE9NDARZYSQDoB2wAVdxdAFWsAQAAuVMAAgB+VGhlIEJ1c2luZXNzOlVzZXJzOgBjbGlja2l0eWNsYWNrOgBEcm9wYm94OgBDUExYMzk0OgBjcGx4Mzk0LXJlc2VhcmNoOgBDUExYMzk0VGVybVBhcGVyQmlibGlvZ3JhcGh5OgBKdXJpc2g6AEp1cmlzaDIwMDZCUEQucGRmAA4AJAARAEoAdQByAGkAcwBoADIAMAAwADYAQgBQAEQALgBwAGQAZgAPABoADABUAGgAZQAgAEIAdQBzAGkAbgBlAHMAcwASAGpVc2Vycy9jbGlja2l0eWNsYWNrL0Ryb3Bib3gvQ1BMWDM5NC9jcGx4Mzk0LXJlc2VhcmNoL0NQTFgzOTRUZXJtUGFwZXJCaWJsaW9ncmFwaHkvSnVyaXNoL0p1cmlzaDIwMDZCUEQucGRmABMAAS8AABUAAgAU//8AAIAG0hscHR5aJGNsYXNzbmFtZVgkY2xhc3Nlc11OU011dGFibGVEYXRhox0fIFZOU0RhdGFYTlNPYmplY3TSGxwiI1xOU0RpY3Rpb25hcnmiIiBfEA9OU0tleWVkQXJjaGl2ZXLRJidUcm9vdIABAAgAEQAaACMALQAyADcAQABGAE0AVQBgAGcAagBsAG4AcQBzAHUAdwCEAI4AxgDLANMC9QL3AvwDBwMQAx4DIgMpAzIDNwNEA0cDWQNcA2EAAAAAAAACAQAAAAAAAAAoAAAAAAAAAAAAAAAAAAADYw==}}

@inproceedings{Nicholson1999ERSUNN,
	Author = {Nicholson, J. and Takahashi, K. and Nakatsu, R.},
	Booktitle = {Neural Information Processing, 1999. Proceedings. ICONIP '99. 6th International Conference on},
	Date-Added = {2013-03-05 23:03:23 +0000},
	Date-Modified = {2013-03-06 04:03:41 +0000},
	Doi = {10.1109/ICONIP.1999.845644},
	Keywords = {neural nets;speech processing;context independent system;emotion recognition;large phoneme balanced word database;one-class-in-one neural networks;speaker independent system;speech;Art;Databases;Emotion recognition;Humans;Intelligent networks;Large Hadron Collider;Natural languages;Neural networks;Speech recognition},
	Pages = {495-501 vol.2},
	Title = {Emotion recognition in speech using neural networks},
	Volume = {2},
	Year = {1999},
	Bdsk-File-1 = {YnBsaXN0MDDUAQIDBAUGJCVYJHZlcnNpb25YJG9iamVjdHNZJGFyY2hpdmVyVCR0b3ASAAGGoKgHCBMUFRYaIVUkbnVsbNMJCgsMDxJXTlMua2V5c1pOUy5vYmplY3RzViRjbGFzc6INDoACgAOiEBGABIAFgAdccmVsYXRpdmVQYXRoWWFsaWFzRGF0YV8QPkNQTFgzOTRUZXJtUGFwZXJCaWJsaW9ncmFwaHkvTmljaG9sc29uL05pY2hvbHNvbjE5OTlFUlNVTk4ucGRm0hcLGBlXTlMuZGF0YU8RAkIAAAAAAkIAAgAADFRoZSBCdXNpbmVzcwAAAAAAAAAAAAAAAAAAAMwVyWFIKwAAARZjuRdOaWNob2xzb24xOTk5RVJTVU5OLnBkZgAAAAAAAAAAAAAAAAAAAAAAAAAAAAAAAAAAAAAAAAAAAAAAAAAAAAABFmO6zVzOzgAAAAAAAAAAAAEABAAACSAAAAAAAAAAAAAAAAAAAAAJTmljaG9sc29uAAAQAAgAAMwWOeEAAAARAAgAAM1dTV4AAAABABwBFmO5ARPTQwEWWEkA6AdsAFXcXQBVrAEAALlTAAIAh1RoZSBCdXNpbmVzczpVc2VyczoAY2xpY2tpdHljbGFjazoARHJvcGJveDoAQ1BMWDM5NDoAY3BseDM5NC1yZXNlYXJjaDoAQ1BMWDM5NFRlcm1QYXBlckJpYmxpb2dyYXBoeToATmljaG9sc29uOgBOaWNob2xzb24xOTk5RVJTVU5OLnBkZgAADgAwABcATgBpAGMAaABvAGwAcwBvAG4AMQA5ADkAOQBFAFIAUwBVAE4ATgAuAHAAZABmAA8AGgAMAFQAaABlACAAQgB1AHMAaQBuAGUAcwBzABIAc1VzZXJzL2NsaWNraXR5Y2xhY2svRHJvcGJveC9DUExYMzk0L2NwbHgzOTQtcmVzZWFyY2gvQ1BMWDM5NFRlcm1QYXBlckJpYmxpb2dyYXBoeS9OaWNob2xzb24vTmljaG9sc29uMTk5OUVSU1VOTi5wZGYAABMAAS8AABUAAgAU//8AAIAG0hscHR5aJGNsYXNzbmFtZVgkY2xhc3Nlc11OU011dGFibGVEYXRhox0fIFZOU0RhdGFYTlNPYmplY3TSGxwiI1xOU0RpY3Rpb25hcnmiIiBfEA9OU0tleWVkQXJjaGl2ZXLRJidUcm9vdIABAAgAEQAaACMALQAyADcAQABGAE0AVQBgAGcAagBsAG4AcQBzAHUAdwCEAI4AzwDUANwDIgMkAykDNAM9A0sDTwNWA18DZANxA3QDhgOJA44AAAAAAAACAQAAAAAAAAAoAAAAAAAAAAAAAAAAAAADkA==},
	Bdsk-Url-1 = {http://dx.doi.org/10.1109/ICONIP.1999.845644}}

@inproceedings{Yu2001EDFSEMC,
	Author = {Yu, Feng and Chang, Eric and Xu, Yingqing and Shum, Heung-Yeung},
	Booktitle = {Proceedings of the Second IEEE Pacific Rim Conference on Multimedia: Advances in Multimedia Information Processing},
	Date-Added = {2013-03-05 23:00:12 +0000},
	Date-Modified = {2013-03-05 23:00:12 +0000},
	Organization = {Springer-Verlag},
	Pages = {550--557},
	Title = {Emotion detection from speech to enrich multimedia content},
	Year = {2001},
	Bdsk-File-1 = {YnBsaXN0MDDUAQIDBAUGJCVYJHZlcnNpb25YJG9iamVjdHNZJGFyY2hpdmVyVCR0b3ASAAGGoKgHCBMUFRYaIVUkbnVsbNMJCgsMDxJXTlMua2V5c1pOUy5vYmplY3RzViRjbGFzc6INDoACgAOiEBGABIAFgAdccmVsYXRpdmVQYXRoWWFsaWFzRGF0YV8QMUNQTFgzOTRUZXJtUGFwZXJCaWJsaW9ncmFwaHkvWXUvWXUyMDAxRURGU0VNQy5wZGbSFwsYGVdOUy5kYXRhTxECEgAAAAACEgACAAAMVGhlIEJ1c2luZXNzAAAAAAAAAAAAAAAAAAAAzBXJYUgrAAABFmPeEVl1MjAwMUVERlNFTUMucGRmAAAAAAAAAAAAAAAAAAAAAAAAAAAAAAAAAAAAAAAAAAAAAAAAAAAAAAAAAAAAAAEWY9/NXM7PAAAAAAAAAAAAAQAEAAAJIAAAAAAAAAAAAAAAAAAAAAJZdQAQAAgAAMwWOeEAAAARAAgAAM1dTV8AAAABABwBFmPeARPTQwEWWEkA6AdsAFXcXQBVrAEAALlTAAIAelRoZSBCdXNpbmVzczpVc2VyczoAY2xpY2tpdHljbGFjazoARHJvcGJveDoAQ1BMWDM5NDoAY3BseDM5NC1yZXNlYXJjaDoAQ1BMWDM5NFRlcm1QYXBlckJpYmxpb2dyYXBoeToAWXU6AFl1MjAwMUVERlNFTUMucGRmAA4AJAARAFkAdQAyADAAMAAxAEUARABGAFMARQBNAEMALgBwAGQAZgAPABoADABUAGgAZQAgAEIAdQBzAGkAbgBlAHMAcwASAGZVc2Vycy9jbGlja2l0eWNsYWNrL0Ryb3Bib3gvQ1BMWDM5NC9jcGx4Mzk0LXJlc2VhcmNoL0NQTFgzOTRUZXJtUGFwZXJCaWJsaW9ncmFwaHkvWXUvWXUyMDAxRURGU0VNQy5wZGYAEwABLwAAFQACABT//wAAgAbSGxwdHlokY2xhc3NuYW1lWCRjbGFzc2VzXU5TTXV0YWJsZURhdGGjHR8gVk5TRGF0YVhOU09iamVjdNIbHCIjXE5TRGljdGlvbmFyeaIiIF8QD05TS2V5ZWRBcmNoaXZlctEmJ1Ryb290gAEACAARABoAIwAtADIANwBAAEYATQBVAGAAZwBqAGwAbgBxAHMAdQB3AIQAjgDCAMcAzwLlAucC7AL3AwADDgMSAxkDIgMnAzQDNwNJA0wDUQAAAAAAAAIBAAAAAAAAACgAAAAAAAAAAAAAAAAAAANT}}

@article{Trochim2005CCMPA,
	Author = {Trochim, William MK and Cabrera, Derek},
	Date-Added = {2013-03-05 22:53:52 +0000},
	Date-Modified = {2013-03-05 22:53:52 +0000},
	Journal = {Emergence: Complexity \& Organization},
	Pages = {2--10},
	Title = {The complexity of concept mapping for policy analysis},
	Year = {2005},
	Bdsk-File-1 = {YnBsaXN0MDDUAQIDBAUGJCVYJHZlcnNpb25YJG9iamVjdHNZJGFyY2hpdmVyVCR0b3ASAAGGoKgHCBMUFRYaIVUkbnVsbNMJCgsMDxJXTlMua2V5c1pOUy5vYmplY3RzViRjbGFzc6INDoACgAOiEBGABIAFgAdccmVsYXRpdmVQYXRoWWFsaWFzRGF0YV8QOUNQTFgzOTRUZXJtUGFwZXJCaWJsaW9ncmFwaHkvVHJvY2hpbS9Ucm9jaGltMjAwNUNDTVBBLnBkZtIXCxgZV05TLmRhdGFPEQIuAAAAAAIuAAIAAAxUaGUgQnVzaW5lc3MAAAAAAAAAAAAAAAAAAADMFclhSCsAAAEWY9wUVHJvY2hpbTIwMDVDQ01QQS5wZGYAAAAAAAAAAAAAAAAAAAAAAAAAAAAAAAAAAAAAAAAAAAAAAAAAAAAAAAAAARZj3c1czs8AAAAAAAAAAAABAAQAAAkgAAAAAAAAAAAAAAAAAAAAB1Ryb2NoaW0AABAACAAAzBY54QAAABEACAAAzV1NXwAAAAEAHAEWY9wBE9NDARZYSQDoB2wAVdxdAFWsAQAAuVMAAgCCVGhlIEJ1c2luZXNzOlVzZXJzOgBjbGlja2l0eWNsYWNrOgBEcm9wYm94OgBDUExYMzk0OgBjcGx4Mzk0LXJlc2VhcmNoOgBDUExYMzk0VGVybVBhcGVyQmlibGlvZ3JhcGh5OgBUcm9jaGltOgBUcm9jaGltMjAwNUNDTVBBLnBkZgAOACoAFABUAHIAbwBjAGgAaQBtADIAMAAwADUAQwBDAE0AUABBAC4AcABkAGYADwAaAAwAVABoAGUAIABCAHUAcwBpAG4AZQBzAHMAEgBuVXNlcnMvY2xpY2tpdHljbGFjay9Ecm9wYm94L0NQTFgzOTQvY3BseDM5NC1yZXNlYXJjaC9DUExYMzk0VGVybVBhcGVyQmlibGlvZ3JhcGh5L1Ryb2NoaW0vVHJvY2hpbTIwMDVDQ01QQS5wZGYAEwABLwAAFQACABT//wAAgAbSGxwdHlokY2xhc3NuYW1lWCRjbGFzc2VzXU5TTXV0YWJsZURhdGGjHR8gVk5TRGF0YVhOU09iamVjdNIbHCIjXE5TRGljdGlvbmFyeaIiIF8QD05TS2V5ZWRBcmNoaXZlctEmJ1Ryb290gAEACAARABoAIwAtADIANwBAAEYATQBVAGAAZwBqAGwAbgBxAHMAdQB3AIQAjgDKAM8A1wMJAwsDEAMbAyQDMgM2Az0DRgNLA1gDWwNtA3ADdQAAAAAAAAIBAAAAAAAAACgAAAAAAAAAAAAAAAAAAAN3}}

@inproceedings{Metze2013FALFED,
	Abstract = {This paper describes a system that deploys acoustic and linguistic information from speech in order to decide whether the utterance contains negative or non- negative meaning. An earlier version of this system was submitted to the Interspeech-2009 Emotion Challenge evaluation. The speech data consist of short utterances of the children's speech, and the proposed system is designed to detect anger in each given chunk. Various frame-based cepstral, prosodic and acoustic features are extracted automatically and classified by means of a support vector machine. An automatic speech recognizer transcribes the utterances and yields a separate classification, based on the degree of emotional salience of the words. The emotionally salient words are computed on word hypotheses, so that un-transcribed training data is sufficient. Late fusion is applied to make a final decision on anger vs. non-anger of the utterance.},
	Author = {Metze, F. and Polzehl, T. and Wagner, M.},
	Booktitle = {Semantic Computing, 2009. ICSC '09. IEEE International Conference on},
	Date-Added = {2013-03-05 22:52:10 +0000},
	Date-Modified = {2013-03-24 02:58:23 +0000},
	Doi = {10.1109/ICSC.2009.32},
	Keywords = {prioritized},
	Pages = {153-160},
	Title = {Fusion of Acoustic and Linguistic Features for Emotion Detection},
	Year = {Sept.},
	Bdsk-File-1 = {YnBsaXN0MDDUAQIDBAUGJCVYJHZlcnNpb25YJG9iamVjdHNZJGFyY2hpdmVyVCR0b3ASAAGGoKgHCBMUFRYaIVUkbnVsbNMJCgsMDxJXTlMua2V5c1pOUy5vYmplY3RzViRjbGFzc6INDoACgAOiEBGABIAFgAdccmVsYXRpdmVQYXRoWWFsaWFzRGF0YV8QNkNQTFgzOTRUZXJtUGFwZXJCaWJsaW9ncmFwaHkvTWV0emUvTWV0emUyMDEzRkFMRkVELnBkZtIXCxgZV05TLmRhdGFPEQImAAAAAAImAAIAAAxUaGUgQnVzaW5lc3MAAAAAAAAAAAAAAAAAAADMFclhSCsAAAEWY7MTTWV0emUyMDEzRkFMRkVELnBkZgAAAAAAAAAAAAAAAAAAAAAAAAAAAAAAAAAAAAAAAAAAAAAAAAAAAAAAAAAAARZjtM1czs4AAAAAAAAAAAABAAQAAAkgAAAAAAAAAAAAAAAAAAAABU1ldHplAAAQAAgAAMwWOeEAAAARAAgAAM1dTV4AAAABABwBFmOzARPTQwEWWEkA6AdsAFXcXQBVrAEAALlTAAIAf1RoZSBCdXNpbmVzczpVc2VyczoAY2xpY2tpdHljbGFjazoARHJvcGJveDoAQ1BMWDM5NDoAY3BseDM5NC1yZXNlYXJjaDoAQ1BMWDM5NFRlcm1QYXBlckJpYmxpb2dyYXBoeToATWV0emU6AE1ldHplMjAxM0ZBTEZFRC5wZGYAAA4AKAATAE0AZQB0AHoAZQAyADAAMQAzAEYAQQBMAEYARQBEAC4AcABkAGYADwAaAAwAVABoAGUAIABCAHUAcwBpAG4AZQBzAHMAEgBrVXNlcnMvY2xpY2tpdHljbGFjay9Ecm9wYm94L0NQTFgzOTQvY3BseDM5NC1yZXNlYXJjaC9DUExYMzk0VGVybVBhcGVyQmlibGlvZ3JhcGh5L01ldHplL01ldHplMjAxM0ZBTEZFRC5wZGYAABMAAS8AABUAAgAU//8AAIAG0hscHR5aJGNsYXNzbmFtZVgkY2xhc3Nlc11OU011dGFibGVEYXRhox0fIFZOU0RhdGFYTlNPYmplY3TSGxwiI1xOU0RpY3Rpb25hcnmiIiBfEA9OU0tleWVkQXJjaGl2ZXLRJidUcm9vdIABAAgAEQAaACMALQAyADcAQABGAE0AVQBgAGcAagBsAG4AcQBzAHUAdwCEAI4AxwDMANQC/gMAAwUDEAMZAycDKwMyAzsDQANNA1ADYgNlA2oAAAAAAAACAQAAAAAAAAAoAAAAAAAAAAAAAAAAAAADbA==},
	Bdsk-Url-1 = {http://dx.doi.org/10.1109/ICSC.2009.32}}

@article{Polzehl2011ARSUALC,
	Author = {Polzehl, Tim and Schmitt, Alexander and Metze, Florian and Wagner, Michael},
	Date-Added = {2013-03-05 22:23:20 +0000},
	Date-Modified = {2013-03-05 22:23:20 +0000},
	Journal = {Speech Communication},
	Number = {9},
	Pages = {1198--1209},
	Publisher = {Elsevier},
	Title = {Anger recognition in speech using acoustic and linguistic cues},
	Volume = {53},
	Year = {2011},
	Bdsk-File-1 = {YnBsaXN0MDDUAQIDBAUGJCVYJHZlcnNpb25YJG9iamVjdHNZJGFyY2hpdmVyVCR0b3ASAAGGoKgHCBMUFRYaIVUkbnVsbNMJCgsMDxJXTlMua2V5c1pOUy5vYmplY3RzViRjbGFzc6INDoACgAOiEBGABIAFgAdccmVsYXRpdmVQYXRoWWFsaWFzRGF0YV8QO0NQTFgzOTRUZXJtUGFwZXJCaWJsaW9ncmFwaHkvUG9semVobC9Qb2x6ZWhsMjAxMUFSU1VBTEMucGRm0hcLGBlXTlMuZGF0YU8RAjYAAAAAAjYAAgAADFRoZSBCdXNpbmVzcwAAAAAAAAAAAAAAAAAAAMwVyWFIKwAAARZjwxZQb2x6ZWhsMjAxMUFSU1VBTEMucGRmAAAAAAAAAAAAAAAAAAAAAAAAAAAAAAAAAAAAAAAAAAAAAAAAAAAAAAABFmPEzVzOzgAAAAAAAAAAAAEABAAACSAAAAAAAAAAAAAAAAAAAAAHUG9semVobAAAEAAIAADMFjnhAAAAEQAIAADNXU1eAAAAAQAcARZjwwET00MBFlhJAOgHbABV3F0AVawBAAC5UwACAIRUaGUgQnVzaW5lc3M6VXNlcnM6AGNsaWNraXR5Y2xhY2s6AERyb3Bib3g6AENQTFgzOTQ6AGNwbHgzOTQtcmVzZWFyY2g6AENQTFgzOTRUZXJtUGFwZXJCaWJsaW9ncmFwaHk6AFBvbHplaGw6AFBvbHplaGwyMDExQVJTVUFMQy5wZGYADgAuABYAUABvAGwAegBlAGgAbAAyADAAMQAxAEEAUgBTAFUAQQBMAEMALgBwAGQAZgAPABoADABUAGgAZQAgAEIAdQBzAGkAbgBlAHMAcwASAHBVc2Vycy9jbGlja2l0eWNsYWNrL0Ryb3Bib3gvQ1BMWDM5NC9jcGx4Mzk0LXJlc2VhcmNoL0NQTFgzOTRUZXJtUGFwZXJCaWJsaW9ncmFwaHkvUG9semVobC9Qb2x6ZWhsMjAxMUFSU1VBTEMucGRmABMAAS8AABUAAgAU//8AAIAG0hscHR5aJGNsYXNzbmFtZVgkY2xhc3Nlc11OU011dGFibGVEYXRhox0fIFZOU0RhdGFYTlNPYmplY3TSGxwiI1xOU0RpY3Rpb25hcnmiIiBfEA9OU0tleWVkQXJjaGl2ZXLRJidUcm9vdIABAAgAEQAaACMALQAyADcAQABGAE0AVQBgAGcAagBsAG4AcQBzAHUAdwCEAI4AzADRANkDEwMVAxoDJQMuAzwDQANHA1ADVQNiA2UDdwN6A38AAAAAAAACAQAAAAAAAAAoAAAAAAAAAAAAAAAAAAADgQ==}}

@inproceedings{Nakamura2006ALCSS,
	Author = {Nakamura, Masanobu and Furui, Sadaoki and Iwano, Koji},
	Booktitle = {ITRW Workshop on Speech Recognition \& Intrinsic Speech Variation (SRIV 2006)},
	Date-Added = {2013-03-05 22:22:31 +0000},
	Date-Modified = {2013-03-05 22:22:31 +0000},
	Pages = {3--8},
	Title = {Acoustic and linguistic characterization of spontaneous speech},
	Year = {2006},
	Bdsk-File-1 = {YnBsaXN0MDDUAQIDBAUGJCVYJHZlcnNpb25YJG9iamVjdHNZJGFyY2hpdmVyVCR0b3ASAAGGoKgHCBMUFRYaIVUkbnVsbNMJCgsMDxJXTlMua2V5c1pOUy5vYmplY3RzViRjbGFzc6INDoACgAOiEBGABIAFgAdccmVsYXRpdmVQYXRoWWFsaWFzRGF0YV8QO0NQTFgzOTRUZXJtUGFwZXJCaWJsaW9ncmFwaHkvTmFrYW11cmEvTmFrYW11cmEyMDA2QUxDU1MucGRm0hcLGBlXTlMuZGF0YU8RAjQAAAAAAjQAAgAADFRoZSBCdXNpbmVzcwAAAAAAAAAAAAAAAAAAAMwVyWFIKwAAARZjtxVOYWthbXVyYTIwMDZBTENTUy5wZGYAAAAAAAAAAAAAAAAAAAAAAAAAAAAAAAAAAAAAAAAAAAAAAAAAAAAAAAABFmO4zVzOzgAAAAAAAAAAAAEABAAACSAAAAAAAAAAAAAAAAAAAAAITmFrYW11cmEAEAAIAADMFjnhAAAAEQAIAADNXU1eAAAAAQAcARZjtwET00MBFlhJAOgHbABV3F0AVawBAAC5UwACAIRUaGUgQnVzaW5lc3M6VXNlcnM6AGNsaWNraXR5Y2xhY2s6AERyb3Bib3g6AENQTFgzOTQ6AGNwbHgzOTQtcmVzZWFyY2g6AENQTFgzOTRUZXJtUGFwZXJCaWJsaW9ncmFwaHk6AE5ha2FtdXJhOgBOYWthbXVyYTIwMDZBTENTUy5wZGYADgAsABUATgBhAGsAYQBtAHUAcgBhADIAMAAwADYAQQBMAEMAUwBTAC4AcABkAGYADwAaAAwAVABoAGUAIABCAHUAcwBpAG4AZQBzAHMAEgBwVXNlcnMvY2xpY2tpdHljbGFjay9Ecm9wYm94L0NQTFgzOTQvY3BseDM5NC1yZXNlYXJjaC9DUExYMzk0VGVybVBhcGVyQmlibGlvZ3JhcGh5L05ha2FtdXJhL05ha2FtdXJhMjAwNkFMQ1NTLnBkZgATAAEvAAAVAAIAFP//AACABtIbHB0eWiRjbGFzc25hbWVYJGNsYXNzZXNdTlNNdXRhYmxlRGF0YaMdHyBWTlNEYXRhWE5TT2JqZWN00hscIiNcTlNEaWN0aW9uYXJ5oiIgXxAPTlNLZXllZEFyY2hpdmVy0SYnVHJvb3SAAQAIABEAGgAjAC0AMgA3AEAARgBNAFUAYABnAGoAbABuAHEAcwB1AHcAhACOAMwA0QDZAxEDEwMYAyMDLAM6Az4DRQNOA1MDYANjA3UDeAN9AAAAAAAAAgEAAAAAAAAAKAAAAAAAAAAAAAAAAAAAA38=}}

@inproceedings{Potamianos2007RALPCS,
	Author = {Potamianos, Alexandros and Narayanan, Shrikanth},
	Booktitle = {Multimedia Signal Processing, 2007. MMSP 2007. IEEE 9th Workshop on},
	Date-Added = {2013-03-05 22:21:59 +0000},
	Date-Modified = {2013-03-05 22:21:59 +0000},
	Organization = {IEEE},
	Pages = {22--25},
	Title = {A review of the acoustic and linguistic properties of children's speech},
	Year = {2007},
	Bdsk-File-1 = {YnBsaXN0MDDUAQIDBAUGJCVYJHZlcnNpb25YJG9iamVjdHNZJGFyY2hpdmVyVCR0b3ASAAGGoKgHCBMUFRYaIVUkbnVsbNMJCgsMDxJXTlMua2V5c1pOUy5vYmplY3RzViRjbGFzc6INDoACgAOiEBGABIAFgAdccmVsYXRpdmVQYXRoWWFsaWFzRGF0YV8QQENQTFgzOTRUZXJtUGFwZXJCaWJsaW9ncmFwaHkvUG90YW1pYW5vcy9Qb3RhbWlhbm9zMjAwN1JBTFBDUy5wZGbSFwsYGVdOUy5kYXRhTxECSAAAAAACSAACAAAMVGhlIEJ1c2luZXNzAAAAAAAAAAAAAAAAAAAAzBXJYUgrAAABFmPFGFBvdGFtaWFub3MyMDA3UkFMUENTLnBkZgAAAAAAAAAAAAAAAAAAAAAAAAAAAAAAAAAAAAAAAAAAAAAAAAAAAAEWY8bNXM7OAAAAAAAAAAAAAQAEAAAJIAAAAAAAAAAAAAAAAAAAAApQb3RhbWlhbm9zABAACAAAzBY54QAAABEACAAAzV1NXgAAAAEAHAEWY8UBE9NDARZYSQDoB2wAVdxdAFWsAQAAuVMAAgCJVGhlIEJ1c2luZXNzOlVzZXJzOgBjbGlja2l0eWNsYWNrOgBEcm9wYm94OgBDUExYMzk0OgBjcGx4Mzk0LXJlc2VhcmNoOgBDUExYMzk0VGVybVBhcGVyQmlibGlvZ3JhcGh5OgBQb3RhbWlhbm9zOgBQb3RhbWlhbm9zMjAwN1JBTFBDUy5wZGYAAA4AMgAYAFAAbwB0AGEAbQBpAGEAbgBvAHMAMgAwADAANwBSAEEATABQAEMAUwAuAHAAZABmAA8AGgAMAFQAaABlACAAQgB1AHMAaQBuAGUAcwBzABIAdVVzZXJzL2NsaWNraXR5Y2xhY2svRHJvcGJveC9DUExYMzk0L2NwbHgzOTQtcmVzZWFyY2gvQ1BMWDM5NFRlcm1QYXBlckJpYmxpb2dyYXBoeS9Qb3RhbWlhbm9zL1BvdGFtaWFub3MyMDA3UkFMUENTLnBkZgAAEwABLwAAFQACABT//wAAgAbSGxwdHlokY2xhc3NuYW1lWCRjbGFzc2VzXU5TTXV0YWJsZURhdGGjHR8gVk5TRGF0YVhOU09iamVjdNIbHCIjXE5TRGljdGlvbmFyeaIiIF8QD05TS2V5ZWRBcmNoaXZlctEmJ1Ryb290gAEACAARABoAIwAtADIANwBAAEYATQBVAGAAZwBqAGwAbgBxAHMAdQB3AIQAjgDRANYA3gMqAywDMQM8A0UDUwNXA14DZwNsA3kDfAOOA5EDlgAAAAAAAAIBAAAAAAAAACgAAAAAAAAAAAAAAAAAAAOY}}

@inproceedings{Mandel2005SFSVMMC,
	Author = {Mandel, Michael I and Ellis, Daniel PW},
	Booktitle = {ISMIR 2005: 6th International Conference on Music Information Retrieval: Proceedings: Variation 2: Queen Mary, University of London \& Goldsmiths College, University of London, 11-15 September, 2005},
	Date-Added = {2013-03-05 22:18:58 +0000},
	Date-Modified = {2013-03-05 22:18:58 +0000},
	Organization = {Queen Mary, University of London},
	Pages = {594--599},
	Title = {Song-level features and support vector machines for music classification},
	Year = {2005},
	Bdsk-File-1 = {YnBsaXN0MDDUAQIDBAUGJCVYJHZlcnNpb25YJG9iamVjdHNZJGFyY2hpdmVyVCR0b3ASAAGGoKgHCBMUFRYaIVUkbnVsbNMJCgsMDxJXTlMua2V5c1pOUy5vYmplY3RzViRjbGFzc6INDoACgAOiEBGABIAFgAdccmVsYXRpdmVQYXRoWWFsaWFzRGF0YV8QOUNQTFgzOTRUZXJtUGFwZXJCaWJsaW9ncmFwaHkvTWFuZGVsL01hbmRlbDIwMDVTRlNWTU1DLnBkZtIXCxgZV05TLmRhdGFPEQIuAAAAAAIuAAIAAAxUaGUgQnVzaW5lc3MAAAAAAAAAAAAAAAAAAADMFclhSCsAAAEWY68VTWFuZGVsMjAwNVNGU1ZNTUMucGRmAAAAAAAAAAAAAAAAAAAAAAAAAAAAAAAAAAAAAAAAAAAAAAAAAAAAAAAAARZjsM1czs4AAAAAAAAAAAABAAQAAAkgAAAAAAAAAAAAAAAAAAAABk1hbmRlbAAQAAgAAMwWOeEAAAARAAgAAM1dTV4AAAABABwBFmOvARPTQwEWWEkA6AdsAFXcXQBVrAEAALlTAAIAglRoZSBCdXNpbmVzczpVc2VyczoAY2xpY2tpdHljbGFjazoARHJvcGJveDoAQ1BMWDM5NDoAY3BseDM5NC1yZXNlYXJjaDoAQ1BMWDM5NFRlcm1QYXBlckJpYmxpb2dyYXBoeToATWFuZGVsOgBNYW5kZWwyMDA1U0ZTVk1NQy5wZGYADgAsABUATQBhAG4AZABlAGwAMgAwADAANQBTAEYAUwBWAE0ATQBDAC4AcABkAGYADwAaAAwAVABoAGUAIABCAHUAcwBpAG4AZQBzAHMAEgBuVXNlcnMvY2xpY2tpdHljbGFjay9Ecm9wYm94L0NQTFgzOTQvY3BseDM5NC1yZXNlYXJjaC9DUExYMzk0VGVybVBhcGVyQmlibGlvZ3JhcGh5L01hbmRlbC9NYW5kZWwyMDA1U0ZTVk1NQy5wZGYAEwABLwAAFQACABT//wAAgAbSGxwdHlokY2xhc3NuYW1lWCRjbGFzc2VzXU5TTXV0YWJsZURhdGGjHR8gVk5TRGF0YVhOU09iamVjdNIbHCIjXE5TRGljdGlvbmFyeaIiIF8QD05TS2V5ZWRBcmNoaXZlctEmJ1Ryb290gAEACAARABoAIwAtADIANwBAAEYATQBVAGAAZwBqAGwAbgBxAHMAdQB3AIQAjgDKAM8A1wMJAwsDEAMbAyQDMgM2Az0DRgNLA1gDWwNtA3ADdQAAAAAAAAIBAAAAAAAAACgAAAAAAAAAAAAAAAAAAAN3}}

@booklet{Davidson-Pilon2013PPBMH,
	Author = {Cameron Davidson-Pilon},
	Csrf-Param = {authenticity_token},
	Csrf-Token = {0eMaCRYjqMsOvaa1Za5SHPq56ww5ZzFfAgsXo7fqF1Q=},
	Date-Added = {2013-03-05 21:39:55 +0000},
	Date-Modified = {2013-03-05 21:39:55 +0000},
	Description = {Probabilistic-Programming-and-Bayesian-Methods-for-Hackers - An introduction to Bayesian methods + probabilistic programming in data analysis with a computation/understanding-first, mathematics-second point of view. All in pure Python ;)},
	Msapplication-Tilecolor = {#ffffff},
	Msapplication-Tileimage = {/windows-tile.png},
	Title = {Probabilistic Programming and Bayesian Methods for Hackers},
	Url = {https://github.com/CamDavidsonPilon/Probabilistic-Programming-and-Bayesian-Methods-for-Hackers#probabilistic-programming-and-bayesian-methods-for-hackers},
	Year = {2013},
	Bdsk-Url-1 = {https://github.com/CamDavidsonPilon/Probabilistic-Programming-and-Bayesian-Methods-for-Hackers#probabilistic-programming-and-bayesian-methods-for-hackers},
	Bdsk-Url-2 = {https://github.com/CamDavidsonPilon/Probabilistic-Programming-and-Bayesian-Methods-for-Hackers#probabilistic-programming-and-bayesian-methods-for-hackers}}

@article{McMullen2004MLDC,
	Author = {McMullen, Erin and Saffran, Jenny R},
	Date-Added = {2013-03-05 21:31:51 +0000},
	Date-Modified = {2013-03-05 21:31:51 +0000},
	Journal = {Music Perception},
	Number = {3},
	Pages = {289--311},
	Publisher = {JSTOR},
	Title = {Music and language: A developmental comparison},
	Volume = {21},
	Year = {2004},
	Bdsk-File-1 = {YnBsaXN0MDDUAQIDBAUGJCVYJHZlcnNpb25YJG9iamVjdHNZJGFyY2hpdmVyVCR0b3ASAAGGoKgHCBMUFRYaIVUkbnVsbNMJCgsMDxJXTlMua2V5c1pOUy5vYmplY3RzViRjbGFzc6INDoACgAOiEBGABIAFgAdccmVsYXRpdmVQYXRoWWFsaWFzRGF0YV8QOkNQTFgzOTRUZXJtUGFwZXJCaWJsaW9ncmFwaHkvTWNNdWxsZW4vTWNNdWxsZW4yMDA0TUxEQy5wZGbSFwsYGVdOUy5kYXRhTxECMgAAAAACMgACAAAMVGhlIEJ1c2luZXNzAAAAAAAAAAAAAAAAAAAAzBXJYUgrAAABFmOxFE1jTXVsbGVuMjAwNE1MREMucGRmAAAAAAAAAAAAAAAAAAAAAAAAAAAAAAAAAAAAAAAAAAAAAAAAAAAAAAAAAAEWY7LNXM7OAAAAAAAAAAAAAQAEAAAJIAAAAAAAAAAAAAAAAAAAAAhNY011bGxlbgAQAAgAAMwWOeEAAAARAAgAAM1dTV4AAAABABwBFmOxARPTQwEWWEkA6AdsAFXcXQBVrAEAALlTAAIAg1RoZSBCdXNpbmVzczpVc2VyczoAY2xpY2tpdHljbGFjazoARHJvcGJveDoAQ1BMWDM5NDoAY3BseDM5NC1yZXNlYXJjaDoAQ1BMWDM5NFRlcm1QYXBlckJpYmxpb2dyYXBoeToATWNNdWxsZW46AE1jTXVsbGVuMjAwNE1MREMucGRmAAAOACoAFABNAGMATQB1AGwAbABlAG4AMgAwADAANABNAEwARABDAC4AcABkAGYADwAaAAwAVABoAGUAIABCAHUAcwBpAG4AZQBzAHMAEgBvVXNlcnMvY2xpY2tpdHljbGFjay9Ecm9wYm94L0NQTFgzOTQvY3BseDM5NC1yZXNlYXJjaC9DUExYMzk0VGVybVBhcGVyQmlibGlvZ3JhcGh5L01jTXVsbGVuL01jTXVsbGVuMjAwNE1MREMucGRmAAATAAEvAAAVAAIAFP//AACABtIbHB0eWiRjbGFzc25hbWVYJGNsYXNzZXNdTlNNdXRhYmxlRGF0YaMdHyBWTlNEYXRhWE5TT2JqZWN00hscIiNcTlNEaWN0aW9uYXJ5oiIgXxAPTlNLZXllZEFyY2hpdmVy0SYnVHJvb3SAAQAIABEAGgAjAC0AMgA3AEAARgBNAFUAYABnAGoAbABuAHEAcwB1AHcAhACOAMsA0ADYAw4DEAMVAyADKQM3AzsDQgNLA1ADXQNgA3IDdQN6AAAAAAAAAgEAAAAAAAAAKAAAAAAAAAAAAAAAAAAAA3w=}}

@article{Chang2006BS,
	Abstract = {Psycholinguistic research has shown that the influence of abstract syntactic knowledge on performance is shaped by particular sentences that have been experienced. To explore this idea, the authors applied a connectionist model of sentence production to the development and use of abstract syntax. The model makes use of (a) error-based learning to acquire and adapt sequencing mechanisms and (b) meaning--form mappings to derive syntactic representations. The model is able to account for most of what is known about structural priming in adult speakers, as well as key findings in preferential looking and elicited production studies of language acquisition. The model suggests how abstract knowledge and concrete experience are balanced in the development and use of syntax.},
	Author = {Chang, Franklin and Dell, Gary S and Bock, Kathryn},
	Date-Added = {2013-03-05 21:31:02 +0000},
	Date-Modified = {2013-03-07 04:36:24 +0000},
	Journal = {Psychological review},
	Number = {2},
	Pages = {234},
	Publisher = {American Psychological Association},
	Title = {Becoming syntactic.},
	Volume = {113},
	Year = {2006},
	Bdsk-File-1 = {YnBsaXN0MDDUAQIDBAUGJCVYJHZlcnNpb25YJG9iamVjdHNZJGFyY2hpdmVyVCR0b3ASAAGGoKgHCBMUFRYaIVUkbnVsbNMJCgsMDxJXTlMua2V5c1pOUy5vYmplY3RzViRjbGFzc6INDoACgAOiEBGABIAFgAdccmVsYXRpdmVQYXRoWWFsaWFzRGF0YV8QMkNQTFgzOTRUZXJtUGFwZXJCaWJsaW9ncmFwaHkvQ2hhbmcvQ2hhbmcyMDA2QlMucGRm0hcLGBlXTlMuZGF0YU8RAhYAAAAAAhYAAgAADFRoZSBCdXNpbmVzcwAAAAAAAAAAAAAAAAAAAMwVyWFIKwAAARZjpQ9DaGFuZzIwMDZCUy5wZGYAAAAAAAAAAAAAAAAAAAAAAAAAAAAAAAAAAAAAAAAAAAAAAAAAAAAAAAAAAAAAAAABFmOmzVzOzgAAAAAAAAAAAAEABAAACSAAAAAAAAAAAAAAAAAAAAAFQ2hhbmcAABAACAAAzBY54QAAABEACAAAzV1NXgAAAAEAHAEWY6UBE9NDARZYSQDoB2wAVdxdAFWsAQAAuVMAAgB7VGhlIEJ1c2luZXNzOlVzZXJzOgBjbGlja2l0eWNsYWNrOgBEcm9wYm94OgBDUExYMzk0OgBjcGx4Mzk0LXJlc2VhcmNoOgBDUExYMzk0VGVybVBhcGVyQmlibGlvZ3JhcGh5OgBDaGFuZzoAQ2hhbmcyMDA2QlMucGRmAAAOACAADwBDAGgAYQBuAGcAMgAwADAANgBCAFMALgBwAGQAZgAPABoADABUAGgAZQAgAEIAdQBzAGkAbgBlAHMAcwASAGdVc2Vycy9jbGlja2l0eWNsYWNrL0Ryb3Bib3gvQ1BMWDM5NC9jcGx4Mzk0LXJlc2VhcmNoL0NQTFgzOTRUZXJtUGFwZXJCaWJsaW9ncmFwaHkvQ2hhbmcvQ2hhbmcyMDA2QlMucGRmAAATAAEvAAAVAAIAFP//AACABtIbHB0eWiRjbGFzc25hbWVYJGNsYXNzZXNdTlNNdXRhYmxlRGF0YaMdHyBWTlNEYXRhWE5TT2JqZWN00hscIiNcTlNEaWN0aW9uYXJ5oiIgXxAPTlNLZXllZEFyY2hpdmVy0SYnVHJvb3SAAQAIABEAGgAjAC0AMgA3AEAARgBNAFUAYABnAGoAbABuAHEAcwB1AHcAhACOAMMAyADQAuoC7ALxAvwDBQMTAxcDHgMnAywDOQM8A04DUQNWAAAAAAAAAgEAAAAAAAAAKAAAAAAAAAAAAAAAAAAAA1g=}}

@article{Norvig2011CCSL,
	Author = {Norvig, Peter},
	Date-Added = {2013-03-05 21:29:59 +0000},
	Date-Modified = {2013-03-05 21:29:59 +0000},
	Journal = {On-line essay in response to Chomsky's remarks in [2]. Available from: http://norvig. com/chomsky. html},
	Title = {On Chomsky and the two cultures of statistical learning},
	Year = {2011},
	Bdsk-File-1 = {YnBsaXN0MDDUAQIDBAUGJCVYJHZlcnNpb25YJG9iamVjdHNZJGFyY2hpdmVyVCR0b3ASAAGGoKgHCBMUFRYaIVUkbnVsbNMJCgsMDxJXTlMua2V5c1pOUy5vYmplY3RzViRjbGFzc6INDoACgAOiEBGABIAFgAdccmVsYXRpdmVQYXRoWWFsaWFzRGF0YV8QNkNQTFgzOTRUZXJtUGFwZXJCaWJsaW9ncmFwaHkvTm9ydmlnL05vcnZpZzIwMTFDQ1NMLnBkZtIXCxgZV05TLmRhdGFPEQIkAAAAAAIkAAIAAAxUaGUgQnVzaW5lc3MAAAAAAAAAAAAAAAAAAADMFclhSCsAAAEWY7sSTm9ydmlnMjAxMUNDU0wucGRmAAAAAAAAAAAAAAAAAAAAAAAAAAAAAAAAAAAAAAAAAAAAAAAAAAAAAAAAAAAAARZjvM1czs4AAAAAAAAAAAABAAQAAAkgAAAAAAAAAAAAAAAAAAAABk5vcnZpZwAQAAgAAMwWOeEAAAARAAgAAM1dTV4AAAABABwBFmO7ARPTQwEWWEkA6AdsAFXcXQBVrAEAALlTAAIAf1RoZSBCdXNpbmVzczpVc2VyczoAY2xpY2tpdHljbGFjazoARHJvcGJveDoAQ1BMWDM5NDoAY3BseDM5NC1yZXNlYXJjaDoAQ1BMWDM5NFRlcm1QYXBlckJpYmxpb2dyYXBoeToATm9ydmlnOgBOb3J2aWcyMDExQ0NTTC5wZGYAAA4AJgASAE4AbwByAHYAaQBnADIAMAAxADEAQwBDAFMATAAuAHAAZABmAA8AGgAMAFQAaABlACAAQgB1AHMAaQBuAGUAcwBzABIAa1VzZXJzL2NsaWNraXR5Y2xhY2svRHJvcGJveC9DUExYMzk0L2NwbHgzOTQtcmVzZWFyY2gvQ1BMWDM5NFRlcm1QYXBlckJpYmxpb2dyYXBoeS9Ob3J2aWcvTm9ydmlnMjAxMUNDU0wucGRmAAATAAEvAAAVAAIAFP//AACABtIbHB0eWiRjbGFzc25hbWVYJGNsYXNzZXNdTlNNdXRhYmxlRGF0YaMdHyBWTlNEYXRhWE5TT2JqZWN00hscIiNcTlNEaWN0aW9uYXJ5oiIgXxAPTlNLZXllZEFyY2hpdmVy0SYnVHJvb3SAAQAIABEAGgAjAC0AMgA3AEAARgBNAFUAYABnAGoAbABuAHEAcwB1AHcAhACOAMcAzADUAvwC/gMDAw4DFwMlAykDMAM5Az4DSwNOA2ADYwNoAAAAAAAAAgEAAAAAAAAAKAAAAAAAAAAAAAAAAAAAA2o=}}

@inproceedings{Pachet2001MDMEMD,
	Author = {Pachet, Fran{\c{c}}ois and Westermann, Gert and Laigre, Damien},
	Booktitle = {Web Delivering of Music, 2001. Proceedings. First International Conference on},
	Date-Added = {2013-03-05 21:28:16 +0000},
	Date-Modified = {2013-03-05 21:28:16 +0000},
	Organization = {IEEE},
	Pages = {101--106},
	Title = {Musical data mining for electronic music distribution},
	Year = {2001},
	Bdsk-File-1 = {YnBsaXN0MDDUAQIDBAUGJCVYJHZlcnNpb25YJG9iamVjdHNZJGFyY2hpdmVyVCR0b3ASAAGGoKgHCBMUFRYaIVUkbnVsbNMJCgsMDxJXTlMua2V5c1pOUy5vYmplY3RzViRjbGFzc6INDoACgAOiEBGABIAFgAdccmVsYXRpdmVQYXRoWWFsaWFzRGF0YV8QOENQTFgzOTRUZXJtUGFwZXJCaWJsaW9ncmFwaHkvUGFjaGV0L1BhY2hldDIwMDFNRE1FTUQucGRm0hcLGBlXTlMuZGF0YU8RAiwAAAAAAiwAAgAADFRoZSBCdXNpbmVzcwAAAAAAAAAAAAAAAAAAAMwVyWFIKwAAARZjvRRQYWNoZXQyMDAxTURNRU1ELnBkZgAAAAAAAAAAAAAAAAAAAAAAAAAAAAAAAAAAAAAAAAAAAAAAAAAAAAAAAAABFmO+zVzOzgAAAAAAAAAAAAEABAAACSAAAAAAAAAAAAAAAAAAAAAGUGFjaGV0ABAACAAAzBY54QAAABEACAAAzV1NXgAAAAEAHAEWY70BE9NDARZYSQDoB2wAVdxdAFWsAQAAuVMAAgCBVGhlIEJ1c2luZXNzOlVzZXJzOgBjbGlja2l0eWNsYWNrOgBEcm9wYm94OgBDUExYMzk0OgBjcGx4Mzk0LXJlc2VhcmNoOgBDUExYMzk0VGVybVBhcGVyQmlibGlvZ3JhcGh5OgBQYWNoZXQ6AFBhY2hldDIwMDFNRE1FTUQucGRmAAAOACoAFABQAGEAYwBoAGUAdAAyADAAMAAxAE0ARABNAEUATQBEAC4AcABkAGYADwAaAAwAVABoAGUAIABCAHUAcwBpAG4AZQBzAHMAEgBtVXNlcnMvY2xpY2tpdHljbGFjay9Ecm9wYm94L0NQTFgzOTQvY3BseDM5NC1yZXNlYXJjaC9DUExYMzk0VGVybVBhcGVyQmlibGlvZ3JhcGh5L1BhY2hldC9QYWNoZXQyMDAxTURNRU1ELnBkZgAAEwABLwAAFQACABT//wAAgAbSGxwdHlokY2xhc3NuYW1lWCRjbGFzc2VzXU5TTXV0YWJsZURhdGGjHR8gVk5TRGF0YVhOU09iamVjdNIbHCIjXE5TRGljdGlvbmFyeaIiIF8QD05TS2V5ZWRBcmNoaXZlctEmJ1Ryb290gAEACAARABoAIwAtADIANwBAAEYATQBVAGAAZwBqAGwAbgBxAHMAdQB3AIQAjgDJAM4A1gMGAwgDDQMYAyEDLwMzAzoDQwNIA1UDWANqA20DcgAAAAAAAAIBAAAAAAAAACgAAAAAAAAAAAAAAAAAAAN0}}

@article{Funkhouser1999IAMCE,
	Author = {Funkhouser, Thomas A and Carlbom, Ingrid and Elko, G Pingali G and Sondhi, M and West, J},
	Date-Added = {2013-03-05 21:24:11 +0000},
	Date-Modified = {2013-03-05 21:24:11 +0000},
	Journal = {J. Acoust. Soc. Am},
	Number = {2},
	Title = {Interactive acoustic modeling of complex environments},
	Volume = {105},
	Year = {1999},
	Bdsk-File-1 = {YnBsaXN0MDDUAQIDBAUGJCVYJHZlcnNpb25YJG9iamVjdHNZJGFyY2hpdmVyVCR0b3ASAAGGoKgHCBMUFRYaIVUkbnVsbNMJCgsMDxJXTlMua2V5c1pOUy5vYmplY3RzViRjbGFzc6INDoACgAOiEBGABIAFgAdccmVsYXRpdmVQYXRoWWFsaWFzRGF0YV8QP0NQTFgzOTRUZXJtUGFwZXJCaWJsaW9ncmFwaHkvRnVua2hvdXNlci9GdW5raG91c2VyMTk5OUlBTUNFLnBkZtIXCxgZV05TLmRhdGFPEQJCAAAAAAJCAAIAAAxUaGUgQnVzaW5lc3MAAAAAAAAAAAAAAAAAAADMFclhSCsAAAEWY6sXRnVua2hvdXNlcjE5OTlJQU1DRS5wZGYAAAAAAAAAAAAAAAAAAAAAAAAAAAAAAAAAAAAAAAAAAAAAAAAAAAAAARZjrM1czs4AAAAAAAAAAAABAAQAAAkgAAAAAAAAAAAAAAAAAAAACkZ1bmtob3VzZXIAEAAIAADMFjnhAAAAEQAIAADNXU1eAAAAAQAcARZjqwET00MBFlhJAOgHbABV3F0AVawBAAC5UwACAIhUaGUgQnVzaW5lc3M6VXNlcnM6AGNsaWNraXR5Y2xhY2s6AERyb3Bib3g6AENQTFgzOTQ6AGNwbHgzOTQtcmVzZWFyY2g6AENQTFgzOTRUZXJtUGFwZXJCaWJsaW9ncmFwaHk6AEZ1bmtob3VzZXI6AEZ1bmtob3VzZXIxOTk5SUFNQ0UucGRmAA4AMAAXAEYAdQBuAGsAaABvAHUAcwBlAHIAMQA5ADkAOQBJAEEATQBDAEUALgBwAGQAZgAPABoADABUAGgAZQAgAEIAdQBzAGkAbgBlAHMAcwASAHRVc2Vycy9jbGlja2l0eWNsYWNrL0Ryb3Bib3gvQ1BMWDM5NC9jcGx4Mzk0LXJlc2VhcmNoL0NQTFgzOTRUZXJtUGFwZXJCaWJsaW9ncmFwaHkvRnVua2hvdXNlci9GdW5raG91c2VyMTk5OUlBTUNFLnBkZgATAAEvAAAVAAIAFP//AACABtIbHB0eWiRjbGFzc25hbWVYJGNsYXNzZXNdTlNNdXRhYmxlRGF0YaMdHyBWTlNEYXRhWE5TT2JqZWN00hscIiNcTlNEaWN0aW9uYXJ5oiIgXxAPTlNLZXllZEFyY2hpdmVy0SYnVHJvb3SAAQAIABEAGgAjAC0AMgA3AEAARgBNAFUAYABnAGoAbABuAHEAcwB1AHcAhACOANAA1QDdAyMDJQMqAzUDPgNMA1ADVwNgA2UDcgN1A4cDigOPAAAAAAAAAgEAAAAAAAAAKAAAAAAAAAAAAAAAAAAAA5E=}}

@article{HAKANSSON2012FCSADKC,
	Author = {H{\AA}KANSSON, JACOB and NORDSTR{\"O}M, WALTER},
	Date-Added = {2013-03-05 21:09:42 +0000},
	Date-Modified = {2013-03-05 21:11:02 +0000},
	Month = {April},
	Title = {Finding Clusters of Similar Artists--Analysis of DBSCAN and K-Means Clustering},
	Url = {http://www.csc.kth.se/utbildning/kandidatexjobb/datateknik/2012/rapport/hakansson_jacob_OCH_nordstrom_walter_K12033.pdf},
	Year = {2012},
	Bdsk-File-1 = {YnBsaXN0MDDUAQIDBAUGJCVYJHZlcnNpb25YJG9iamVjdHNZJGFyY2hpdmVyVCR0b3ASAAGGoKgHCBMUFRYaIVUkbnVsbNMJCgsMDxJXTlMua2V5c1pOUy5vYmplY3RzViRjbGFzc6INDoACgAOiEBGABIAFgAdccmVsYXRpdmVQYXRoWWFsaWFzRGF0YW8QQQBDAFAATABYADMAOQA0AFQAZQByAG0AUABhAHAAZQByAEIAaQBiAGwAaQBvAGcAcgBhAHAAaAB5AC8ASABBAwoASwBBAE4AUwBTAE8ATgAvAEgAQQMKAEsAQQBOAFMAUwBPAE4AMgAwADEAMgBGAEMAUwBBAEQASwBDAC4AcABkAGbSFwsYGVdOUy5kYXRhTxECSgAAAAACSgACAAAMVGhlIEJ1c2luZXNzAAAAAAAAAAAAAAAAAAAAzBXJYUgrAAABFmOtGEiBS0FOU1NPTjIwMTJGQ1NBREtDLnBkZgAAAAAAAAAAAAAAAAAAAAAAAAAAAAAAAAAAAAAAAAAAAAAAAAAAAAEWY67NXM7OAAAAAAAAAAAAAQAEAAAJIAAAAAAAAAAAAAAAAAAAAAlIgUtBTlNTT04AABAACAAAzBY54QAAABEACAAAzV1NXgAAAAEAHAEWY60BE9NDARZYSQDoB2wAVdxdAFWsAQAAuVMAAgCIVGhlIEJ1c2luZXNzOlVzZXJzOgBjbGlja2l0eWNsYWNrOgBEcm9wYm94OgBDUExYMzk0OgBjcGx4Mzk0LXJlc2VhcmNoOgBDUExYMzk0VGVybVBhcGVyQmlibGlvZ3JhcGh5OgBIgUtBTlNTT046AEiBS0FOU1NPTjIwMTJGQ1NBREtDLnBkZgAOADQAGQBIAEEDCgBLAEEATgBTAFMATwBOADIAMAAxADIARgBDAFMAQQBEAEsAQwAuAHAAZABmAA8AGgAMAFQAaABlACAAQgB1AHMAaQBuAGUAcwBzABIAeFVzZXJzL2NsaWNraXR5Y2xhY2svRHJvcGJveC9DUExYMzk0L2NwbHgzOTQtcmVzZWFyY2gvQ1BMWDM5NFRlcm1QYXBlckJpYmxpb2dyYXBoeS9IQcyKS0FOU1NPTi9IQcyKS0FOU1NPTjIwMTJGQ1NBREtDLnBkZgATAAEvAAAVAAIAFP//AACABtIbHB0eWiRjbGFzc25hbWVYJGNsYXNzZXNdTlNNdXRhYmxlRGF0YaMdHyBWTlNEYXRhWE5TT2JqZWN00hscIiNcTlNEaWN0aW9uYXJ5oiIgXxAPTlNLZXllZEFyY2hpdmVy0SYnVHJvb3SAAQAIABEAGgAjAC0AMgA3AEAARgBNAFUAYABnAGoAbABuAHEAcwB1AHcAhACOARMBGAEgA24DcAN1A4ADiQOXA5sDogOrA7ADvQPAA9ID1QPaAAAAAAAAAgEAAAAAAAAAKAAAAAAAAAAAAAAAAAAAA9w=}}

@article{Ellis2006CMT,
	Author = {Ellis, Daniel PW and Poliner, Graham E},
	Date-Added = {2013-03-05 21:08:43 +0000},
	Date-Modified = {2013-03-05 21:08:43 +0000},
	Journal = {Machine Learning},
	Number = {2},
	Pages = {439--456},
	Publisher = {Springer},
	Title = {Classification-based melody transcription},
	Volume = {65},
	Year = {2006},
	Bdsk-File-1 = {YnBsaXN0MDDUAQIDBAUGJCVYJHZlcnNpb25YJG9iamVjdHNZJGFyY2hpdmVyVCR0b3ASAAGGoKgHCBMUFRYaIVUkbnVsbNMJCgsMDxJXTlMua2V5c1pOUy5vYmplY3RzViRjbGFzc6INDoACgAOiEBGABIAFgAdccmVsYXRpdmVQYXRoWWFsaWFzRGF0YV8QM0NQTFgzOTRUZXJtUGFwZXJCaWJsaW9ncmFwaHkvRWxsaXMvRWxsaXMyMDA2Q01ULnBkZtIXCxgZV05TLmRhdGFPEQIYAAAAAAIYAAIAAAxUaGUgQnVzaW5lc3MAAAAAAAAAAAAAAAAAAADMFclhSCsAAAEWY6cQRWxsaXMyMDA2Q01ULnBkZgAAAAAAAAAAAAAAAAAAAAAAAAAAAAAAAAAAAAAAAAAAAAAAAAAAAAAAAAAAAAAAARZjqM1czs4AAAAAAAAAAAABAAQAAAkgAAAAAAAAAAAAAAAAAAAABUVsbGlzAAAQAAgAAMwWOeEAAAARAAgAAM1dTV4AAAABABwBFmOnARPTQwEWWEkA6AdsAFXcXQBVrAEAALlTAAIAfFRoZSBCdXNpbmVzczpVc2VyczoAY2xpY2tpdHljbGFjazoARHJvcGJveDoAQ1BMWDM5NDoAY3BseDM5NC1yZXNlYXJjaDoAQ1BMWDM5NFRlcm1QYXBlckJpYmxpb2dyYXBoeToARWxsaXM6AEVsbGlzMjAwNkNNVC5wZGYADgAiABAARQBsAGwAaQBzADIAMAAwADYAQwBNAFQALgBwAGQAZgAPABoADABUAGgAZQAgAEIAdQBzAGkAbgBlAHMAcwASAGhVc2Vycy9jbGlja2l0eWNsYWNrL0Ryb3Bib3gvQ1BMWDM5NC9jcGx4Mzk0LXJlc2VhcmNoL0NQTFgzOTRUZXJtUGFwZXJCaWJsaW9ncmFwaHkvRWxsaXMvRWxsaXMyMDA2Q01ULnBkZgATAAEvAAAVAAIAFP//AACABtIbHB0eWiRjbGFzc25hbWVYJGNsYXNzZXNdTlNNdXRhYmxlRGF0YaMdHyBWTlNEYXRhWE5TT2JqZWN00hscIiNcTlNEaWN0aW9uYXJ5oiIgXxAPTlNLZXllZEFyY2hpdmVy0SYnVHJvb3SAAQAIABEAGgAjAC0AMgA3AEAARgBNAFUAYABnAGoAbABuAHEAcwB1AHcAhACOAMQAyQDRAu0C7wL0Av8DCAMWAxoDIQMqAy8DPAM/A1EDVANZAAAAAAAAAgEAAAAAAAAAKAAAAAAAAAAAAAAAAAAAA1s=}}

@inbook{Henry2006BPD,
	Author = {Cyrille Henry},
	Chapter = {Basic Physical Modeling Concepts},
	Date-Added = {2013-03-05 21:07:50 +0000},
	Date-Modified = {2013-03-07 04:58:59 +0000},
	Edition = {First},
	Title = {bang: Pure Data},
	Year = {2006},
	Bdsk-File-1 = {YnBsaXN0MDDUAQIDBAUGJCVYJHZlcnNpb25YJG9iamVjdHNZJGFyY2hpdmVyVCR0b3ASAAGGoKgHCBMUFRYaIVUkbnVsbNMJCgsMDxJXTlMua2V5c1pOUy5vYmplY3RzViRjbGFzc6INDoACgAOiEBGABIAFgAdccmVsYXRpdmVQYXRoWWFsaWFzRGF0YV8QM0NQTFgzOTRUZXJtUGFwZXJCaWJsaW9ncmFwaHkvSGVucnkvSGVucnkyMDA2QlBELnBkZtIXCxgZV05TLmRhdGFPEQIYAAAAAAIYAAIAAAxUaGUgQnVzaW5lc3MAAAAAAAAAAAAAAAAAAADMFclhSCsAAAEXqJYQSGVucnkyMDA2QlBELnBkZgAAAAAAAAAAAAAAAAAAAAAAAAAAAAAAAAAAAAAAAAAAAAAAAAAAAAAAAAAAAAAAAReol81eN0AAAAAAAAAAAAABAAQAAAkgAAAAAAAAAAAAAAAAAAAABUhlbnJ5AAAQAAgAAMwWOeEAAAARAAgAAM1etdAAAAABABwBF6iWARPTQwEWWEkA6AdsAFXcXQBVrAEAALlTAAIAfFRoZSBCdXNpbmVzczpVc2VyczoAY2xpY2tpdHljbGFjazoARHJvcGJveDoAQ1BMWDM5NDoAY3BseDM5NC1yZXNlYXJjaDoAQ1BMWDM5NFRlcm1QYXBlckJpYmxpb2dyYXBoeToASGVucnk6AEhlbnJ5MjAwNkJQRC5wZGYADgAiABAASABlAG4AcgB5ADIAMAAwADYAQgBQAEQALgBwAGQAZgAPABoADABUAGgAZQAgAEIAdQBzAGkAbgBlAHMAcwASAGhVc2Vycy9jbGlja2l0eWNsYWNrL0Ryb3Bib3gvQ1BMWDM5NC9jcGx4Mzk0LXJlc2VhcmNoL0NQTFgzOTRUZXJtUGFwZXJCaWJsaW9ncmFwaHkvSGVucnkvSGVucnkyMDA2QlBELnBkZgATAAEvAAAVAAIAFP//AACABtIbHB0eWiRjbGFzc25hbWVYJGNsYXNzZXNdTlNNdXRhYmxlRGF0YaMdHyBWTlNEYXRhWE5TT2JqZWN00hscIiNcTlNEaWN0aW9uYXJ5oiIgXxAPTlNLZXllZEFyY2hpdmVy0SYnVHJvb3SAAQAIABEAGgAjAC0AMgA3AEAARgBNAFUAYABnAGoAbABuAHEAcwB1AHcAhACOAMQAyQDRAu0C7wL0Av8DCAMWAxoDIQMqAy8DPAM/A1EDVANZAAAAAAAAAgEAAAAAAAAAKAAAAAAAAAAAAAAAAAAAA1s=}}

@inproceedings{Poliner2005CAMT,
	Abstract = {Melodies provide an important conceptual summarization of polyphonic audio. The extraction of melodic content has practical applications ranging from content-based au- dio retrieval to the analysis of musical structure. In con- trast to previous transcription systems based on a model of the harmonic (or periodic) structure of musical pitches, we present a classification-based system for performing au- tomatic melody transcription that makes no assumptions beyond what is learned from its training data. We evalu- ate the success of our algorithm by predicting the melody of the ISMIR 2004 Melody Competition evaluation set and on newly-generated test data. We show that a Sup- port Vector Machine melodic classifier produces results comparable to state of the art model-based transcription systems.},
	Author = {Poliner, Graham E and Ellis, Daniel PW},
	Booktitle = {ISMIR 2005: 6th International Conference on Music Information Retrieval: Proceedings: Variation 2: Queen Mary, University of London \& Goldsmiths College, University of London, 11-15 September, 2005},
	Date-Added = {2013-03-05 21:05:22 +0000},
	Date-Modified = {2013-03-07 04:15:44 +0000},
	Organization = {Queen Mary, University of London},
	Pages = {161--166},
	Title = {A classification approach to melody transcription},
	Year = {2005},
	Bdsk-File-1 = {YnBsaXN0MDDUAQIDBAUGJCVYJHZlcnNpb25YJG9iamVjdHNZJGFyY2hpdmVyVCR0b3ASAAGGoKgHCBMUFRYaIVUkbnVsbNMJCgsMDxJXTlMua2V5c1pOUy5vYmplY3RzViRjbGFzc6INDoACgAOiEBGABIAFgAdccmVsYXRpdmVQYXRoWWFsaWFzRGF0YV8QOENQTFgzOTRUZXJtUGFwZXJCaWJsaW9ncmFwaHkvUG9saW5lci9Qb2xpbmVyMjAwNUNBTVQucGRm0hcLGBlXTlMuZGF0YU8RAiwAAAAAAiwAAgAADFRoZSBCdXNpbmVzcwAAAAAAAAAAAAAAAAAAAMwVyWFIKwAAARZjwRNQb2xpbmVyMjAwNUNBTVQucGRmAAAAAAAAAAAAAAAAAAAAAAAAAAAAAAAAAAAAAAAAAAAAAAAAAAAAAAAAAAABFmPCzVzOzgAAAAAAAAAAAAEABAAACSAAAAAAAAAAAAAAAAAAAAAHUG9saW5lcgAAEAAIAADMFjnhAAAAEQAIAADNXU1eAAAAAQAcARZjwQET00MBFlhJAOgHbABV3F0AVawBAAC5UwACAIFUaGUgQnVzaW5lc3M6VXNlcnM6AGNsaWNraXR5Y2xhY2s6AERyb3Bib3g6AENQTFgzOTQ6AGNwbHgzOTQtcmVzZWFyY2g6AENQTFgzOTRUZXJtUGFwZXJCaWJsaW9ncmFwaHk6AFBvbGluZXI6AFBvbGluZXIyMDA1Q0FNVC5wZGYAAA4AKAATAFAAbwBsAGkAbgBlAHIAMgAwADAANQBDAEEATQBUAC4AcABkAGYADwAaAAwAVABoAGUAIABCAHUAcwBpAG4AZQBzAHMAEgBtVXNlcnMvY2xpY2tpdHljbGFjay9Ecm9wYm94L0NQTFgzOTQvY3BseDM5NC1yZXNlYXJjaC9DUExYMzk0VGVybVBhcGVyQmlibGlvZ3JhcGh5L1BvbGluZXIvUG9saW5lcjIwMDVDQU1ULnBkZgAAEwABLwAAFQACABT//wAAgAbSGxwdHlokY2xhc3NuYW1lWCRjbGFzc2VzXU5TTXV0YWJsZURhdGGjHR8gVk5TRGF0YVhOU09iamVjdNIbHCIjXE5TRGljdGlvbmFyeaIiIF8QD05TS2V5ZWRBcmNoaXZlctEmJ1Ryb290gAEACAARABoAIwAtADIANwBAAEYATQBVAGAAZwBqAGwAbgBxAHMAdQB3AIQAjgDJAM4A1gMGAwgDDQMYAyEDLwMzAzoDQwNIA1UDWANqA20DcgAAAAAAAAIBAAAAAAAAACgAAAAAAAAAAAAAAAAAAAN0}}

@article{Chan-Lau2009ASIFL,
	Author = {Chan-Lau, Jorge and Espinosa, Marco and Giesecke, Kay and Sol{\'e}, Juan},
	Date-Added = {2013-03-05 21:04:14 +0000},
	Date-Modified = {2013-03-05 21:04:14 +0000},
	Journal = {IMF Global Financial Stability Report},
	Title = {Assessing the systemic implications of financial linkages},
	Volume = {2},
	Year = {2009},
	Bdsk-File-1 = {YnBsaXN0MDDUAQIDBAUGJCVYJHZlcnNpb25YJG9iamVjdHNZJGFyY2hpdmVyVCR0b3ASAAGGoKgHCBMUFRYaIVUkbnVsbNMJCgsMDxJXTlMua2V5c1pOUy5vYmplY3RzViRjbGFzc6INDoACgAOiEBGABIAFgAdccmVsYXRpdmVQYXRoWWFsaWFzRGF0YV8QO0NQTFgzOTRUZXJtUGFwZXJCaWJsaW9ncmFwaHkvQ2hhbi1MYXUvQ2hhbi1MYXUyMDA5QVNJRkwucGRm0hcLGBlXTlMuZGF0YU8RAjQAAAAAAjQAAgAADFRoZSBCdXNpbmVzcwAAAAAAAAAAAAAAAAAAAMwVyWFIKwAAARZjoxVDaGFuLUxhdTIwMDlBU0lGTC5wZGYAAAAAAAAAAAAAAAAAAAAAAAAAAAAAAAAAAAAAAAAAAAAAAAAAAAAAAAABFmOkzVzOzgAAAAAAAAAAAAEABAAACSAAAAAAAAAAAAAAAAAAAAAIQ2hhbi1MYXUAEAAIAADMFjnhAAAAEQAIAADNXU1eAAAAAQAcARZjowET00MBFlhJAOgHbABV3F0AVawBAAC5UwACAIRUaGUgQnVzaW5lc3M6VXNlcnM6AGNsaWNraXR5Y2xhY2s6AERyb3Bib3g6AENQTFgzOTQ6AGNwbHgzOTQtcmVzZWFyY2g6AENQTFgzOTRUZXJtUGFwZXJCaWJsaW9ncmFwaHk6AENoYW4tTGF1OgBDaGFuLUxhdTIwMDlBU0lGTC5wZGYADgAsABUAQwBoAGEAbgAtAEwAYQB1ADIAMAAwADkAQQBTAEkARgBMAC4AcABkAGYADwAaAAwAVABoAGUAIABCAHUAcwBpAG4AZQBzAHMAEgBwVXNlcnMvY2xpY2tpdHljbGFjay9Ecm9wYm94L0NQTFgzOTQvY3BseDM5NC1yZXNlYXJjaC9DUExYMzk0VGVybVBhcGVyQmlibGlvZ3JhcGh5L0NoYW4tTGF1L0NoYW4tTGF1MjAwOUFTSUZMLnBkZgATAAEvAAAVAAIAFP//AACABtIbHB0eWiRjbGFzc25hbWVYJGNsYXNzZXNdTlNNdXRhYmxlRGF0YaMdHyBWTlNEYXRhWE5TT2JqZWN00hscIiNcTlNEaWN0aW9uYXJ5oiIgXxAPTlNLZXllZEFyY2hpdmVy0SYnVHJvb3SAAQAIABEAGgAjAC0AMgA3AEAARgBNAFUAYABnAGoAbABuAHEAcwB1AHcAhACOAMwA0QDZAxEDEwMYAyMDLAM6Az4DRQNOA1MDYANjA3UDeAN9AAAAAAAAAgEAAAAAAAAAKAAAAAAAAAAAAAAAAAAAA38=}}

@article{Bromberg2013SSAP,
	Author = {Andy Bromberg},
	Date-Added = {2013-03-04 11:21:58 +0000},
	Date-Modified = {2013-03-04 11:21:58 +0000},
	Generator = {WordPress 3.5.1},
	Month = {February},
	Title = {Second Try: Sentiment Analysis in Python},
	Url = {http://andybromberg.com/sentiment-analysis-python/?utm_source=Python+Weekly+Newsletter&utm_campaign=c15c89a350-Python_Weekly_Issue_75_February_21...},
	Year = {2013},
	Bdsk-Url-1 = {http://andybromberg.com/sentiment-analysis-python/?utm_source=Python+Weekly+Newsletter&utm_campaign=c15c89a350-Python_Weekly_Issue_75_February_21...}}

@article{Caraciolo2013MLDMAAWP,
	Author = {Marcel Caraciolo},
	Date-Added = {2013-03-04 11:17:00 +0000},
	Date-Modified = {2013-03-04 11:18:15 +0000},
	Journal = {Artificial Intelligence in Motion},
	Month = {January},
	Title = {Machine learning and Data Mining - Association Analysis with Python},
	Url = {http://aimotion.blogspot.com.br/2013/01/machine-learning-and-data-mining.html},
	Year = {2013},
	Bdsk-Url-1 = {http://aimotion.blogspot.com.br/2013/01/machine-learning-and-data-mining.html}}

@article{Might2013LL,
	Author = {Matt Might},
	Date-Added = {2013-03-04 11:14:34 +0000},
	Date-Modified = {2013-03-04 11:14:34 +0000},
	Title = {The language of languages},
	Url = {http://matt.might.net/articles/grammars-bnf-ebnf/},
	Year = {2013},
	Bdsk-Url-1 = {http://matt.might.net/articles/grammars-bnf-ebnf/}}

@article{Miyawaki2008VIRFHBAUCMLID,
	Author = {Yoichi Miyawaki and Hajime Uchida and Okito Yamashita and Masa-aki Sato and Yusuke Morito and Hiroki C. Tanabe and Norihiro Sadato and Yukiyasu Kamitani},
	Date-Added = {2013-03-04 11:00:52 +0000},
	Date-Modified = {2013-03-04 11:00:52 +0000},
	Journal = {Neuron},
	Keywords = {cplx},
	Month = {December},
	Pages = {915-929},
	Title = {Visual Image Reconstruction from Human Brain Activity Using a Combination of Multiscale Local Image Decoders},
	Volume = {60},
	Year = {2008},
	Bdsk-File-1 = {YnBsaXN0MDDUAQIDBAUGJCVYJHZlcnNpb25YJG9iamVjdHNZJGFyY2hpdmVyVCR0b3ASAAGGoKgHCBMUFRYaIVUkbnVsbNMJCgsMDxJXTlMua2V5c1pOUy5vYmplY3RzViRjbGFzc6INDoACgAOiEBGABIAFgAdccmVsYXRpdmVQYXRoWWFsaWFzRGF0YV8QQ0NQTFgzOTRUZXJtUGFwZXJCaWJsaW9ncmFwaHkvTWl5YXdha2kvTWl5YXdha2kyMDA4VklSRkhCQVVDTUxJRC5wZGbSFwsYGVdOUy5kYXRhTxECVAAAAAACVAACAAAMVGhlIEJ1c2luZXNzAAAAAAAAAAAAAAAAAAAAzBXJYUgrAAABFmO1HU1peWF3YWtpMjAwOFZJUkZIQkFVQ01MSUQucGRmAAAAAAAAAAAAAAAAAAAAAAAAAAAAAAAAAAAAAAAAAAAAAAEWY7bNXM7OAAAAAAAAAAAAAQAEAAAJIAAAAAAAAAAAAAAAAAAAAAhNaXlhd2FraQAQAAgAAMwWOeEAAAARAAgAAM1dTV4AAAABABwBFmO1ARPTQwEWWEkA6AdsAFXcXQBVrAEAALlTAAIAjFRoZSBCdXNpbmVzczpVc2VyczoAY2xpY2tpdHljbGFjazoARHJvcGJveDoAQ1BMWDM5NDoAY3BseDM5NC1yZXNlYXJjaDoAQ1BMWDM5NFRlcm1QYXBlckJpYmxpb2dyYXBoeToATWl5YXdha2k6AE1peWF3YWtpMjAwOFZJUkZIQkFVQ01MSUQucGRmAA4APAAdAE0AaQB5AGEAdwBhAGsAaQAyADAAMAA4AFYASQBSAEYASABCAEEAVQBDAE0ATABJAEQALgBwAGQAZgAPABoADABUAGgAZQAgAEIAdQBzAGkAbgBlAHMAcwASAHhVc2Vycy9jbGlja2l0eWNsYWNrL0Ryb3Bib3gvQ1BMWDM5NC9jcGx4Mzk0LXJlc2VhcmNoL0NQTFgzOTRUZXJtUGFwZXJCaWJsaW9ncmFwaHkvTWl5YXdha2kvTWl5YXdha2kyMDA4VklSRkhCQVVDTUxJRC5wZGYAEwABLwAAFQACABT//wAAgAbSGxwdHlokY2xhc3NuYW1lWCRjbGFzc2VzXU5TTXV0YWJsZURhdGGjHR8gVk5TRGF0YVhOU09iamVjdNIbHCIjXE5TRGljdGlvbmFyeaIiIF8QD05TS2V5ZWRBcmNoaXZlctEmJ1Ryb290gAEACAARABoAIwAtADIANwBAAEYATQBVAGAAZwBqAGwAbgBxAHMAdQB3AIQAjgDUANkA4QM5AzsDQANLA1QDYgNmA20DdgN7A4gDiwOdA6ADpQAAAAAAAAIBAAAAAAAAACgAAAAAAAAAAAAAAAAAAAOn}}

@article{Shinkareva2008UFBAICSAWPTD,
	Author = {Svetlana V. Shinkareva and Robert A. Mason and Vicente L. Malave and Wei Wang and Tom M. Mitchell and Marcel Adam Just},
	Date-Added = {2013-03-04 11:00:37 +0000},
	Date-Modified = {2013-03-04 11:00:37 +0000},
	Journal = {PLoS ONE},
	Month = {January},
	Number = {e1934},
	Title = {Using fMRI Brain Activation to Identify Cognitive States Associated with Perception of Tools and Dwellings},
	Volume = {1},
	Year = {2008},
	Bdsk-File-1 = {YnBsaXN0MDDUAQIDBAUGJCVYJHZlcnNpb25YJG9iamVjdHNZJGFyY2hpdmVyVCR0b3ASAAGGoKgHCBMUFRYaIVUkbnVsbNMJCgsMDxJXTlMua2V5c1pOUy5vYmplY3RzViRjbGFzc6INDoACgAOiEBGABIAFgAdccmVsYXRpdmVQYXRoWWFsaWFzRGF0YV8QPC4uLy4uL2JpYmxpb2dyYXBoeS9TaGlua2FyZXZhL1NoaW5rYXJldmEyMDA4VUZCQUlDU0FXUFRELnBkZtIXCxgZV05TLmRhdGFPEQICAAAAAAICAAIAAAxUaGUgQnVzaW5lc3MAAAAAAAAAAAAAAAAAAADMFclhSCsAAABV3VYeU2hpbmthcmV2YTIwMDhVRkJBSUNTQVdQVEQucGRmAAAAAAAAAAAAAAAAAAAAAAAAAAAAAAAAAAAAAAAAAAAAAFXsncWdOjIAAAAAAAAAAAACAAMAAAkgAAAAAAAAAAAAAAAAAAAAClNoaW5rYXJldmEAEAAIAADMFjnhAAAAEQAIAADFnbjCAAAAAQAUAFXdVgBV3KAAVdxdAFWsAQAAuVMAAgBkVGhlIEJ1c2luZXNzOlVzZXJzOgBjbGlja2l0eWNsYWNrOgBEcm9wYm94OgBiaWJsaW9ncmFwaHk6AFNoaW5rYXJldmE6AFNoaW5rYXJldmEyMDA4VUZCQUlDU0FXUFRELnBkZgAOAD4AHgBTAGgAaQBuAGsAYQByAGUAdgBhADIAMAAwADgAVQBGAEIAQQBJAEMAUwBBAFcAUABUAEQALgBwAGQAZgAPABoADABUAGgAZQAgAEIAdQBzAGkAbgBlAHMAcwASAFJVc2Vycy9jbGlja2l0eWNsYWNrL0Ryb3Bib3gvYmlibGlvZ3JhcGh5L1NoaW5rYXJldmEvU2hpbmthcmV2YTIwMDhVRkJBSUNTQVdQVEQucGRmABMAAS8AABUAAgAU//8AAIAG0hscHR5aJGNsYXNzbmFtZVgkY2xhc3Nlc11OU011dGFibGVEYXRhox0fIFZOU0RhdGFYTlNPYmplY3TSGxwiI1xOU0RpY3Rpb25hcnmiIiBfEA9OU0tleWVkQXJjaGl2ZXLRJidUcm9vdIABAAgAEQAaACMALQAyADcAQABGAE0AVQBgAGcAagBsAG4AcQBzAHUAdwCEAI4AzQDSANoC4ALiAucC8gL7AwkDDQMUAx0DIgMvAzIDRANHA0wAAAAAAAACAQAAAAAAAAAoAAAAAAAAAAAAAAAAAAADTg==}}

@book{Downey2012TPTLCS,
	Address = {Needham, Massachusetts},
	Author = {Allen B. Downey},
	Date-Added = {2013-03-04 10:59:28 +0000},
	Date-Modified = {2013-03-04 10:59:28 +0000},
	Edition = {2.0.1},
	Month = {June},
	Publisher = {Green Tea Press},
	Title = {Think Python: How to Think Like a Computer Scientist},
	Year = {2012},
	Bdsk-File-1 = {YnBsaXN0MDDUAQIDBAUGJCVYJHZlcnNpb25YJG9iamVjdHNZJGFyY2hpdmVyVCR0b3ASAAGGoKgHCBMUFRYaIVUkbnVsbNMJCgsMDxJXTlMua2V5c1pOUy5vYmplY3RzViRjbGFzc6INDoACgAOiEBGABIAFgAdccmVsYXRpdmVQYXRoWWFsaWFzRGF0YV8QLi4uLy4uL2JpYmxpb2dyYXBoeS9Eb3duZXkvRG93bmV5MjAxMlRQVExDUy5wZGbSFwsYGVdOUy5kYXRhTxEBzgAAAAABzgACAAAMVGhlIEJ1c2luZXNzAAAAAAAAAAAAAAAAAAAAzBXJYUgrAAAAVdzkFERvd25leTIwMTJUUFRMQ1MucGRmAAAAAAAAAAAAAAAAAAAAAAAAAAAAAAAAAAAAAAAAAAAAAAAAAAAAAAAAAACGqkTMPhucUERGIAAAAAAAAgADAAAJIAAAAAAAAAAAAAAAAAAAAAZEb3duZXkAEAAIAADMFjnhAAAAEQAIAADMPowcAAAAAQAUAFXc5ABV3KAAVdxdAFWsAQAAuVMAAgBWVGhlIEJ1c2luZXNzOlVzZXJzOgBjbGlja2l0eWNsYWNrOgBEcm9wYm94OgBiaWJsaW9ncmFwaHk6AERvd25leToARG93bmV5MjAxMlRQVExDUy5wZGYADgAqABQARABvAHcAbgBlAHkAMgAwADEAMgBUAFAAVABMAEMAUwAuAHAAZABmAA8AGgAMAFQAaABlACAAQgB1AHMAaQBuAGUAcwBzABIARFVzZXJzL2NsaWNraXR5Y2xhY2svRHJvcGJveC9iaWJsaW9ncmFwaHkvRG93bmV5L0Rvd25leTIwMTJUUFRMQ1MucGRmABMAAS8AABUAAgAU//8AAIAG0hscHR5aJGNsYXNzbmFtZVgkY2xhc3Nlc11OU011dGFibGVEYXRhox0fIFZOU0RhdGFYTlNPYmplY3TSGxwiI1xOU0RpY3Rpb25hcnmiIiBfEA9OU0tleWVkQXJjaGl2ZXLRJidUcm9vdIABAAgAEQAaACMALQAyADcAQABGAE0AVQBgAGcAagBsAG4AcQBzAHUAdwCEAI4AvwDEAMwCngKgAqUCsAK5AscCywLSAtsC4ALtAvADAgMFAwoAAAAAAAACAQAAAAAAAAAoAAAAAAAAAAAAAAAAAAADDA==}}

@book{Downey2011TSPSP,
	Address = {Needham, Massachusetts},
	Author = {Allen B. Downey},
	Date-Added = {2013-03-04 10:59:28 +0000},
	Date-Modified = {2013-03-04 10:59:28 +0000},
	Edition = {1.5.9},
	Publisher = {Green Tea Press},
	Title = {Think Stats: Probability and Statistics for Programmers},
	Year = {2011},
	Bdsk-File-1 = {YnBsaXN0MDDUAQIDBAUGJCVYJHZlcnNpb25YJG9iamVjdHNZJGFyY2hpdmVyVCR0b3ASAAGGoKgHCBMUFRYaIVUkbnVsbNMJCgsMDxJXTlMua2V5c1pOUy5vYmplY3RzViRjbGFzc6INDoACgAOiEBGABIAFgAdccmVsYXRpdmVQYXRoWWFsaWFzRGF0YV8QLS4uLy4uL2JpYmxpb2dyYXBoeS9Eb3duZXkvRG93bmV5MjAxMVRTUFNQLnBkZtIXCxgZV05TLmRhdGFPEQHMAAAAAAHMAAIAAAxUaGUgQnVzaW5lc3MAAAAAAAAAAAAAAAAAAADMFclhSCsAAABV3OQTRG93bmV5MjAxMVRTUFNQLnBkZgAAAAAAAAAAAAAAAAAAAAAAAAAAAAAAAAAAAAAAAAAAAAAAAAAAAAAAAAAAAHsxiMw+HLMAAAAAAAAAAAACAAMAAAkgAAAAAAAAAAAAAAAAAAAABkRvd25leQAQAAgAAMwWOeEAAAARAAgAAMw+jTMAAAABABQAVdzkAFXcoABV3F0AVawBAAC5UwACAFVUaGUgQnVzaW5lc3M6VXNlcnM6AGNsaWNraXR5Y2xhY2s6AERyb3Bib3g6AGJpYmxpb2dyYXBoeToARG93bmV5OgBEb3duZXkyMDExVFNQU1AucGRmAAAOACgAEwBEAG8AdwBuAGUAeQAyADAAMQAxAFQAUwBQAFMAUAAuAHAAZABmAA8AGgAMAFQAaABlACAAQgB1AHMAaQBuAGUAcwBzABIAQ1VzZXJzL2NsaWNraXR5Y2xhY2svRHJvcGJveC9iaWJsaW9ncmFwaHkvRG93bmV5L0Rvd25leTIwMTFUU1BTUC5wZGYAABMAAS8AABUAAgAU//8AAIAG0hscHR5aJGNsYXNzbmFtZVgkY2xhc3Nlc11OU011dGFibGVEYXRhox0fIFZOU0RhdGFYTlNPYmplY3TSGxwiI1xOU0RpY3Rpb25hcnmiIiBfEA9OU0tleWVkQXJjaGl2ZXLRJidUcm9vdIABAAgAEQAaACMALQAyADcAQABGAE0AVQBgAGcAagBsAG4AcQBzAHUAdwCEAI4AvgDDAMsCmwKdAqICrQK2AsQCyALPAtgC3QLqAu0C/wMCAwcAAAAAAAACAQAAAAAAAAAoAAAAAAAAAAAAAAAAAAADCQ==}}

@book{Downey2012TC,
	Address = {Needham, Massachusetts},
	Author = {Allen B. Downey},
	Date-Added = {2013-03-04 10:59:18 +0000},
	Date-Modified = {2013-03-04 10:59:18 +0000},
	Edition = {1.2.2},
	Keywords = {cplx},
	Publisher = {Green Tea Press},
	Title = {Think Complexity},
	Year = {2012},
	Bdsk-File-1 = {YnBsaXN0MDDUAQIDBAUGJCVYJHZlcnNpb25YJG9iamVjdHNZJGFyY2hpdmVyVCR0b3ASAAGGoKgHCBMUFRYaIVUkbnVsbNMJCgsMDxJXTlMua2V5c1pOUy5vYmplY3RzViRjbGFzc6INDoACgAOiEBGABIAFgAdccmVsYXRpdmVQYXRoWWFsaWFzRGF0YV8QKi4uLy4uL2JpYmxpb2dyYXBoeS9Eb3duZXkvRG93bmV5MjAxMlRDLnBkZtIXCxgZV05TLmRhdGFPEQG+AAAAAAG+AAIAAAxUaGUgQnVzaW5lc3MAAAAAAAAAAAAAAAAAAADMFclhSCsAAABV3OQQRG93bmV5MjAxMlRDLnBkZgAAAAAAAAAAAAAAAAAAAAAAAAAAAAAAAAAAAAAAAAAAAAAAAAAAAAAAAAAAAAAAAOLd8cw+HHhQREYgAAAAAAACAAMAAAkgAAAAAAAAAAAAAAAAAAAABkRvd25leQAQAAgAAMwWOeEAAAARAAgAAMw+jPgAAAABABQAVdzkAFXcoABV3F0AVawBAAC5UwACAFJUaGUgQnVzaW5lc3M6VXNlcnM6AGNsaWNraXR5Y2xhY2s6AERyb3Bib3g6AGJpYmxpb2dyYXBoeToARG93bmV5OgBEb3duZXkyMDEyVEMucGRmAA4AIgAQAEQAbwB3AG4AZQB5ADIAMAAxADIAVABDAC4AcABkAGYADwAaAAwAVABoAGUAIABCAHUAcwBpAG4AZQBzAHMAEgBAVXNlcnMvY2xpY2tpdHljbGFjay9Ecm9wYm94L2JpYmxpb2dyYXBoeS9Eb3duZXkvRG93bmV5MjAxMlRDLnBkZgATAAEvAAAVAAIAFP//AACABtIbHB0eWiRjbGFzc25hbWVYJGNsYXNzZXNdTlNNdXRhYmxlRGF0YaMdHyBWTlNEYXRhWE5TT2JqZWN00hscIiNcTlNEaWN0aW9uYXJ5oiIgXxAPTlNLZXllZEFyY2hpdmVy0SYnVHJvb3SAAQAIABEAGgAjAC0AMgA3AEAARgBNAFUAYABnAGoAbABuAHEAcwB1AHcAhACOALsAwADIAooCjAKRApwCpQKzArcCvgLHAswC2QLcAu4C8QL2AAAAAAAAAgEAAAAAAAAAKAAAAAAAAAAAAAAAAAAAAvg=}}

@incollection{Aydede2010LTH,
	Author = {Murat Aydede},
	Booktitle = {Stanford Encyclopedia of Philosophy},
	Date-Added = {2013-03-04 00:23:28 +0000},
	Date-Modified = {2013-03-04 00:23:28 +0000},
	Edition = {Fall 2010},
	Editor = {Edward N. Zalta},
	Publisher = {The Metaphysics Research Lab Center for the Study of Language and Information},
	Title = {The Language of Thought Hypothesis},
	Year = {2010},
	Bdsk-File-1 = {YnBsaXN0MDDUAQIDBAUGJCVYJHZlcnNpb25YJG9iamVjdHNZJGFyY2hpdmVyVCR0b3ASAAGGoKgHCBMUFRYaIVUkbnVsbNMJCgsMDxJXTlMua2V5c1pOUy5vYmplY3RzViRjbGFzc6INDoACgAOiEBGABIAFgAdccmVsYXRpdmVQYXRoWWFsaWFzRGF0YV8QKy4uLy4uL2JpYmxpb2dyYXBoeS9BeWRlZGUvQXlkZWRlMjAxMExUSC5wZGbSFwsYGVdOUy5kYXRhTxEBxAAAAAABxAACAAAMVGhlIEJ1c2luZXNzAAAAAAAAAAAAAAAAAAAAzBXJYUgrAAAAvDwAEUF5ZGVkZTIwMTBMVEgucGRmAAAAAAAAAAAAAAAAAAAAAAAAAAAAAAAAAAAAAAAAAAAAAAAAAAAAAAAAAAAAAAC8O/bMqcX4AAAAAAAAAAAAAgADAAAJIAAAAAAAAAAAAAAAAAAAAAZBeWRlZGUAEAAIAADMFjnhAAAAEQAIAADMqjZ4AAAAAQAUALw8AABV3KAAVdxdAFWsAQAAuVMAAgBTVGhlIEJ1c2luZXNzOlVzZXJzOgBjbGlja2l0eWNsYWNrOgBEcm9wYm94OgBiaWJsaW9ncmFwaHk6AEF5ZGVkZToAQXlkZWRlMjAxMExUSC5wZGYAAA4AJAARAEEAeQBkAGUAZABlADIAMAAxADAATABUAEgALgBwAGQAZgAPABoADABUAGgAZQAgAEIAdQBzAGkAbgBlAHMAcwASAEFVc2Vycy9jbGlja2l0eWNsYWNrL0Ryb3Bib3gvYmlibGlvZ3JhcGh5L0F5ZGVkZS9BeWRlZGUyMDEwTFRILnBkZgAAEwABLwAAFQACABT//wAAgAbSGxwdHlokY2xhc3NuYW1lWCRjbGFzc2VzXU5TTXV0YWJsZURhdGGjHR8gVk5TRGF0YVhOU09iamVjdNIbHCIjXE5TRGljdGlvbmFyeaIiIF8QD05TS2V5ZWRBcmNoaXZlctEmJ1Ryb290gAEACAARABoAIwAtADIANwBAAEYATQBVAGAAZwBqAGwAbgBxAHMAdQB3AIQAjgC8AMEAyQKRApMCmAKjAqwCugK+AsUCzgLTAuAC4wL1AvgC/QAAAAAAAAIBAAAAAAAAACgAAAAAAAAAAAAAAAAAAAL/}}

@mastersthesis{Guizzo2003EMCSMIT,
	Author = {Erico Marui Guizzo},
	Date-Added = {2013-03-04 00:21:21 +0000},
	Date-Modified = {2013-03-04 00:21:21 +0000},
	Month = {September},
	School = {Massachusettes Institute of Technology},
	Title = {The Essential Message: Claude Shannon and the Making of Information Theory},
	Year = {2003},
	Bdsk-File-1 = {YnBsaXN0MDDUAQIDBAUGJCVYJHZlcnNpb25YJG9iamVjdHNZJGFyY2hpdmVyVCR0b3ASAAGGoKgHCBMUFRYaIVUkbnVsbNMJCgsMDxJXTlMua2V5c1pOUy5vYmplY3RzViRjbGFzc6INDoACgAOiEBGABIAFgAdccmVsYXRpdmVQYXRoWWFsaWFzRGF0YV8QMC4uLy4uL2JpYmxpb2dyYXBoeS9HdWl6em8vR3VpenpvMjAwM0VNQ1NNSVRBLnBkZtIXCxgZV05TLmRhdGFPEQHWAAAAAAHWAAIAAAxUaGUgQnVzaW5lc3MAAAAAAAAAAAAAAAAAAADMFclhSCsAAABV3OYWR3VpenpvMjAwM0VNQ1NNSVRBLnBkZgAAAAAAAAAAAAAAAAAAAAAAAAAAAAAAAAAAAAAAAAAAAAAAAAAAAAAAAFYUL8uqEMcAAAAAAAAAAAACAAMAAAkgAAAAAAAAAAAAAAAAAAAABkd1aXp6bwAQAAgAAMwWOeEAAAARAAgAAMuqgUcAAAABABQAVdzmAFXcoABV3F0AVawBAAC5UwACAFhUaGUgQnVzaW5lc3M6VXNlcnM6AGNsaWNraXR5Y2xhY2s6AERyb3Bib3g6AGJpYmxpb2dyYXBoeToAR3VpenpvOgBHdWl6em8yMDAzRU1DU01JVEEucGRmAA4ALgAWAEcAdQBpAHoAegBvADIAMAAwADMARQBNAEMAUwBNAEkAVABBAC4AcABkAGYADwAaAAwAVABoAGUAIABCAHUAcwBpAG4AZQBzAHMAEgBGVXNlcnMvY2xpY2tpdHljbGFjay9Ecm9wYm94L2JpYmxpb2dyYXBoeS9HdWl6em8vR3VpenpvMjAwM0VNQ1NNSVRBLnBkZgATAAEvAAAVAAIAFP//AACABtIbHB0eWiRjbGFzc25hbWVYJGNsYXNzZXNdTlNNdXRhYmxlRGF0YaMdHyBWTlNEYXRhWE5TT2JqZWN00hscIiNcTlNEaWN0aW9uYXJ5oiIgXxAPTlNLZXllZEFyY2hpdmVy0SYnVHJvb3SAAQAIABEAGgAjAC0AMgA3AEAARgBNAFUAYABnAGoAbABuAHEAcwB1AHcAhACOAMEAxgDOAqgCqgKvAroCwwLRAtUC3ALlAuoC9wL6AwwDDwMUAAAAAAAAAgEAAAAAAAAAKAAAAAAAAAAAAAAAAAAAAxY=}}

@article{Beijeren1984PTLMFE,
	Author = {van Beijeren, Henk and Schulman, Lawrence S.},
	Date-Added = {2013-03-04 00:13:35 +0000},
	Date-Modified = {2013-03-04 00:13:35 +0000},
	Issue = {8},
	Journal = {Phys. Rev. Lett.},
	Month = {Aug},
	Pages = {806--809},
	Publisher = {American Physical Society},
	Title = {Phase Transitions in Lattice-Gas Models Far from Equilibrium},
	Volume = {53},
	Year = {1984},
	Bdsk-File-1 = {YnBsaXN0MDDUAQIDBAUGJCVYJHZlcnNpb25YJG9iamVjdHNZJGFyY2hpdmVyVCR0b3ASAAGGoKgHCBMUFRYaIVUkbnVsbNMJCgsMDxJXTlMua2V5c1pOUy5vYmplY3RzViRjbGFzc6INDoACgAOiEBGABIAFgAdccmVsYXRpdmVQYXRoWWFsaWFzRGF0YV8QMi4uLy4uL2JpYmxpb2dyYXBoeS9CZWlqZXJlbi9CZWlqZXJlbjE5ODRQVExNRkUucGRm0hcLGBlXTlMuZGF0YU8RAdwAAAAAAdwAAgAADFRoZSBCdXNpbmVzcwAAAAAAAAAAAAAAAAAAAMwVyWFIKwAAAQXALBZCZWlqZXJlbjE5ODRQVExNRkUucGRmAAAAAAAAAAAAAAAAAAAAAAAAAAAAAAAAAAAAAAAAAAAAAAAAAAAAAAABBb5ezUkbdgAAAAAAAAAAAAIAAwAACSAAAAAAAAAAAAAAAAAAAAAIQmVpamVyZW4AEAAIAADMFjnhAAAAEQAIAADNSZoGAAAAAQAUAQXALABV3KAAVdxdAFWsAQAAuVMAAgBaVGhlIEJ1c2luZXNzOlVzZXJzOgBjbGlja2l0eWNsYWNrOgBEcm9wYm94OgBiaWJsaW9ncmFwaHk6AEJlaWplcmVuOgBCZWlqZXJlbjE5ODRQVExNRkUucGRmAA4ALgAWAEIAZQBpAGoAZQByAGUAbgAxADkAOAA0AFAAVABMAE0ARgBFAC4AcABkAGYADwAaAAwAVABoAGUAIABCAHUAcwBpAG4AZQBzAHMAEgBIVXNlcnMvY2xpY2tpdHljbGFjay9Ecm9wYm94L2JpYmxpb2dyYXBoeS9CZWlqZXJlbi9CZWlqZXJlbjE5ODRQVExNRkUucGRmABMAAS8AABUAAgAU//8AAIAG0hscHR5aJGNsYXNzbmFtZVgkY2xhc3Nlc11OU011dGFibGVEYXRhox0fIFZOU0RhdGFYTlNPYmplY3TSGxwiI1xOU0RpY3Rpb25hcnmiIiBfEA9OU0tleWVkQXJjaGl2ZXLRJidUcm9vdIABAAgAEQAaACMALQAyADcAQABGAE0AVQBgAGcAagBsAG4AcQBzAHUAdwCEAI4AwwDIANACsAKyArcCwgLLAtkC3QLkAu0C8gL/AwIDFAMXAxwAAAAAAAACAQAAAAAAAAAoAAAAAAAAAAAAAAAAAAADHg==},
	Bdsk-Url-1 = {http://link.aps.org/doi/10.1103/PhysRevLett.53.806},
	Bdsk-Url-2 = {http://dx.doi.org/10.1103/PhysRevLett.53.806}}

@article{Cessac2009NNDS,
	Abstract = {We consider neural networks from the point of view of dynamical systems theory. In this spirit we review recent results dealing with the following questions, adressed in the context of specific models.
(i). Characterizing the collective dynamics; (ii). Statistical analysis of spikes trains;
(iii). Interplay between dynamics and network structure; (iv). Effects of synaptic plasticity.},
	Author = {B. Cessac},
	Date-Added = {2013-03-04 00:13:06 +0000},
	Date-Modified = {2013-03-04 00:13:06 +0000},
	Journal = {arXiv},
	Month = {January},
	Title = {Neural Networks as dynamical systems.},
	Year = {2009},
	Bdsk-File-1 = {YnBsaXN0MDDUAQIDBAUGJCVYJHZlcnNpb25YJG9iamVjdHNZJGFyY2hpdmVyVCR0b3ASAAGGoKgHCBMUFRYaIVUkbnVsbNMJCgsMDxJXTlMua2V5c1pOUy5vYmplY3RzViRjbGFzc6INDoACgAOiEBGABIAFgAdccmVsYXRpdmVQYXRoWWFsaWFzRGF0YV8QLS4uLy4uL2JpYmxpb2dyYXBoeS9DZXNzYWMvQ2Vzc2FjMjAwOU5ORFNBLnBkZtIXCxgZV05TLmRhdGFPEQHMAAAAAAHMAAIAAAxUaGUgQnVzaW5lc3MAAAAAAAAAAAAAAAAAAADMFclhSCsAAABV3OITQ2Vzc2FjMjAwOU5ORFNBLnBkZgAAAAAAAAAAAAAAAAAAAAAAAAAAAAAAAAAAAAAAAAAAAAAAAAAAAAAAAAAAAFXzR8uJAFRQREYgAAAAAAACAAMAAAkgAAAAAAAAAAAAAAAAAAAABkNlc3NhYwAQAAgAAMwWOeEAAAARAAgAAMuJcNQAAAABABQAVdziAFXcoABV3F0AVawBAAC5UwACAFVUaGUgQnVzaW5lc3M6VXNlcnM6AGNsaWNraXR5Y2xhY2s6AERyb3Bib3g6AGJpYmxpb2dyYXBoeToAQ2Vzc2FjOgBDZXNzYWMyMDA5Tk5EU0EucGRmAAAOACgAEwBDAGUAcwBzAGEAYwAyADAAMAA5AE4ATgBEAFMAQQAuAHAAZABmAA8AGgAMAFQAaABlACAAQgB1AHMAaQBuAGUAcwBzABIAQ1VzZXJzL2NsaWNraXR5Y2xhY2svRHJvcGJveC9iaWJsaW9ncmFwaHkvQ2Vzc2FjL0Nlc3NhYzIwMDlOTkRTQS5wZGYAABMAAS8AABUAAgAU//8AAIAG0hscHR5aJGNsYXNzbmFtZVgkY2xhc3Nlc11OU011dGFibGVEYXRhox0fIFZOU0RhdGFYTlNPYmplY3TSGxwiI1xOU0RpY3Rpb25hcnmiIiBfEA9OU0tleWVkQXJjaGl2ZXLRJidUcm9vdIABAAgAEQAaACMALQAyADcAQABGAE0AVQBgAGcAagBsAG4AcQBzAHUAdwCEAI4AvgDDAMsCmwKdAqICrQK2AsQCyALPAtgC3QLqAu0C/wMCAwcAAAAAAAACAQAAAAAAAAAoAAAAAAAAAAAAAAAAAAADCQ==}}

@book{Bird2009NLPWP,
	Author = {Steven Bird and Ewan Klein and Edward Loper},
	Date-Added = {2013-03-04 00:12:46 +0000},
	Date-Modified = {2013-03-04 00:12:46 +0000},
	Publisher = {O'Reilly Media},
	Title = {Natural Language Processing with Python},
	Year = {2009},
	Bdsk-Url-1 = {http://nltk.org/book/}}

@article{Fenn2006MCYBWB,
	Abstract = {This article gives a brief introduction to managing citations and to preparing a list of references with BibTEX.
No attempt is made to provide an introduction in-depth. Please refer to the literature recommended in section 6 on page 17 for further reading.},
	Author = {Jurgen Fenn},
	Date-Added = {2013-03-04 00:12:01 +0000},
	Date-Modified = {2013-03-04 00:12:01 +0000},
	Journal = {The PracTEX Journal},
	Number = {4},
	Read = {1},
	Title = {Managing Citations and Your Bibliography with BibTEX},
	Year = {2006},
	Bdsk-File-1 = {YnBsaXN0MDDUAQIDBAUGJCVYJHZlcnNpb25YJG9iamVjdHNZJGFyY2hpdmVyVCR0b3ASAAGGoKgHCBMUFRYaIVUkbnVsbNMJCgsMDxJXTlMua2V5c1pOUy5vYmplY3RzViRjbGFzc6INDoACgAOiEBGABIAFgAdccmVsYXRpdmVQYXRoWWFsaWFzRGF0YV8QKy4uLy4uL2JpYmxpb2dyYXBoeS9GZW5uL0Zlbm4yMDA2TUNZQldCQS5wZGbSFwsYGVdOUy5kYXRhTxEBxgAAAAABxgACAAAMVGhlIEJ1c2luZXNzAAAAAAAAAAAAAAAAAAAAzBXJYUgrAAAAVdy0E0Zlbm4yMDA2TUNZQldCQS5wZGYAAAAAAAAAAAAAAAAAAAAAAAAAAAAAAAAAAAAAAAAAAAAAAAAAAAAAAAAAAABV60LK4a5PAAAAAAAAAAAAAgADAAAJIAAAAAAAAAAAAAAAAAAAAARGZW5uABAACAAAzBY54QAAABEACAAAyuIs3wAAAAEAFABV3LQAVdygAFXcXQBVrAEAALlTAAIAU1RoZSBCdXNpbmVzczpVc2VyczoAY2xpY2tpdHljbGFjazoARHJvcGJveDoAYmlibGlvZ3JhcGh5OgBGZW5uOgBGZW5uMjAwNk1DWUJXQkEucGRmAAAOACgAEwBGAGUAbgBuADIAMAAwADYATQBDAFkAQgBXAEIAQQAuAHAAZABmAA8AGgAMAFQAaABlACAAQgB1AHMAaQBuAGUAcwBzABIAQVVzZXJzL2NsaWNraXR5Y2xhY2svRHJvcGJveC9iaWJsaW9ncmFwaHkvRmVubi9GZW5uMjAwNk1DWUJXQkEucGRmAAATAAEvAAAVAAIAFP//AACABtIbHB0eWiRjbGFzc25hbWVYJGNsYXNzZXNdTlNNdXRhYmxlRGF0YaMdHyBWTlNEYXRhWE5TT2JqZWN00hscIiNcTlNEaWN0aW9uYXJ5oiIgXxAPTlNLZXllZEFyY2hpdmVy0SYnVHJvb3SAAQAIABEAGgAjAC0AMgA3AEAARgBNAFUAYABnAGoAbABuAHEAcwB1AHcAhACOALwAwQDJApMClQKaAqUCrgK8AsACxwLQAtUC4gLlAvcC+gL/AAAAAAAAAgEAAAAAAAAAKAAAAAAAAAAAAAAAAAAAAwE=}}

@book{Zuckerkandl1973M,
	Author = {Victor Zuckerkandl},
	Date-Added = {2013-03-04 00:11:56 +0000},
	Date-Modified = {2013-03-04 00:11:56 +0000},
	Publisher = {Princeton University Press},
	Title = {Man the Musician},
	Year = {1973}}

@article{Gonzalez-Avella2006LVGINTMSD,
	Author = {J. C. Gonz{\'a}lez-Avella and V. M. Egu{\'\i}luz and M. G. Cosenza and K. Klemm and J. L. Herrera and M. San Miguel},
	Date-Added = {2013-03-04 00:11:28 +0000},
	Date-Modified = {2013-03-04 00:11:28 +0000},
	Journal = {Physical Review},
	Keywords = {cplx200, modeling, complexity, cplx},
	Title = {Local versus global interactions in nonequilibrium transitions: A model of social dynamics},
	Volume = {73},
	Year = {2006},
	Bdsk-File-1 = {YnBsaXN0MDDUAQIDBAUGJCVYJHZlcnNpb25YJG9iamVjdHNZJGFyY2hpdmVyVCR0b3ASAAGGoKgHCBMUFRYaIVUkbnVsbNMJCgsMDxJXTlMua2V5c1pOUy5vYmplY3RzViRjbGFzc6INDoACgAOiEBGABIAFgAdccmVsYXRpdmVQYXRoWWFsaWFzRGF0YW8QRgAuAC4ALwAuAC4ALwBiAGkAYgBsAGkAbwBnAHIAYQBwAGgAeQAvAEcAbwBuAHoAYQMBAGwAZQB6AC0AQQB2AGUAbABsAGEALwBHAG8AbgB6AGEDAQBsAGUAegAtAEEAdgBlAGwAbABhADIAMAAwADYATABWAEcASQBOAFQATQBTAEQAQQAuAHAAZABm0hcLGBlXTlMuZGF0YU8RAiIAAAAAAiIAAgAADFRoZSBCdXNpbmVzcwAAAAAAAAAAAAAAAAAAAMwVyWFIKwAAAL1zcR9Hb256h2xlei1BdmVsbGEyMDA2IzEwNUM2QUIucGRmAAAAAAAAAAAAAAAAAAAAAAAAAAAAAAAAAAAAAAAAAAABBcarzKwxiVBERiAAAAAAAAIAAwAACSAAAAAAAAAAAAAAAAAAAAAPR29ueodsZXotQXZlbGxhAAAQAAgAAMwWOeEAAAARAAgAAMysogkAAAABABQAvXNxAFXcoABV3F0AVawBAAC5UwACAGpUaGUgQnVzaW5lc3M6VXNlcnM6AGNsaWNraXR5Y2xhY2s6AERyb3Bib3g6AGJpYmxpb2dyYXBoeToAR29ueodsZXotQXZlbGxhOgBHb256h2xlei1BdmVsbGEyMDA2IzEwNUM2QUIucGRmAA4ARgAiAEcAbwBuAHoAYQMBAGwAZQB6AC0AQQB2AGUAbABsAGEAMgAwADAANgBMAFYARwBJAE4AVABNAFMARABBAC4AcABkAGYADwAaAAwAVABoAGUAIABCAHUAcwBpAG4AZQBzAHMAEgBeVXNlcnMvY2xpY2tpdHljbGFjay9Ecm9wYm94L2JpYmxpb2dyYXBoeS9Hb256YcyBbGV6LUF2ZWxsYS9Hb256YcyBbGV6LUF2ZWxsYTIwMDZMVkdJTlRNU0RBLnBkZgATAAEvAAAVAAIAFP//AACABtIbHB0eWiRjbGFzc25hbWVYJGNsYXNzZXNdTlNNdXRhYmxlRGF0YaMdHyBWTlNEYXRhWE5TT2JqZWN00hscIiNcTlNEaWN0aW9uYXJ5oiIgXxAPTlNLZXllZEFyY2hpdmVy0SYnVHJvb3SAAQAIABEAGgAjAC0AMgA3AEAARgBNAFUAYABnAGoAbABuAHEAcwB1AHcAhACOAR0BIgEqA1ADUgNXA2IDawN5A30DhAONA5IDnwOiA7QDtwO8AAAAAAAAAgEAAAAAAAAAKAAAAAAAAAAAAAAAAAAAA74=}}

@book{Piston1962H,
	Author = {Walter Piston},
	Date-Added = {2013-03-04 00:09:20 +0000},
	Date-Modified = {2013-03-04 00:09:20 +0000},
	Edition = {Third},
	Publisher = {W. W. Norton \& Company Inc., New York},
	Title = {Harmony},
	Year = {1962},
	Bdsk-File-1 = {YnBsaXN0MDDUAQIDBAUGJCVYJHZlcnNpb25YJG9iamVjdHNZJGFyY2hpdmVyVCR0b3ASAAGGoKgHCBMUFRYaIVUkbnVsbNMJCgsMDxJXTlMua2V5c1pOUy5vYmplY3RzViRjbGFzc6INDoACgAOiEBGABIAFgAdccmVsYXRpdmVQYXRoWWFsaWFzRGF0YV8QKS4uLy4uL2JpYmxpb2dyYXBoeS9QaXN0b24vUGlzdG9uMTk2MkgucGRm0hcLGBlXTlMuZGF0YU8RAbwAAAAAAbwAAgAADFRoZSBCdXNpbmVzcwAAAAAAAAAAAAAAAAAAAMwVyWFIKwAAAPqd4A9QaXN0b24xOTYySC5wZGYAAAAAAAAAAAAAAAAAAAAAAAAAAAAAAAAAAAAAAAAAAAAAAAAAAAAAAAAAAAAAAAAA+o0izUA4LgAAAAAAAAAAAAIAAwAACSAAAAAAAAAAAAAAAAAAAAAGUGlzdG9uABAACAAAzBY54QAAABEACAAAzUC2vgAAAAEAFAD6neAAVdygAFXcXQBVrAEAALlTAAIAUVRoZSBCdXNpbmVzczpVc2VyczoAY2xpY2tpdHljbGFjazoARHJvcGJveDoAYmlibGlvZ3JhcGh5OgBQaXN0b246AFBpc3RvbjE5NjJILnBkZgAADgAgAA8AUABpAHMAdABvAG4AMQA5ADYAMgBIAC4AcABkAGYADwAaAAwAVABoAGUAIABCAHUAcwBpAG4AZQBzAHMAEgA/VXNlcnMvY2xpY2tpdHljbGFjay9Ecm9wYm94L2JpYmxpb2dyYXBoeS9QaXN0b24vUGlzdG9uMTk2MkgucGRmAAATAAEvAAAVAAIAFP//AACABtIbHB0eWiRjbGFzc25hbWVYJGNsYXNzZXNdTlNNdXRhYmxlRGF0YaMdHyBWTlNEYXRhWE5TT2JqZWN00hscIiNcTlNEaWN0aW9uYXJ5oiIgXxAPTlNLZXllZEFyY2hpdmVy0SYnVHJvb3SAAQAIABEAGgAjAC0AMgA3AEAARgBNAFUAYABnAGoAbABuAHEAcwB1AHcAhACOALoAvwDHAocCiQKOApkCogKwArQCuwLEAskC1gLZAusC7gLzAAAAAAAAAgEAAAAAAAAAKAAAAAAAAAAAAAAAAAAAAvU=}}

@inproceedings{Peak2004ECCDEDCP,
	Author = {David Peak and Jevin D. West and Susanna M. Messinger and Keith A. Mott},
	Booktitle = {Proceedings of the National Academy of the Sciences},
	Date-Added = {2013-03-04 00:08:19 +0000},
	Date-Modified = {2013-03-04 00:08:19 +0000},
	Keywords = {cplx200},
	Month = {January},
	Pages = {918 - 922},
	Read = {1},
	Title = {Evidence for complex, collective dynamics and emergent, distributed computation in plants},
	Volume = {101},
	Year = {2004},
	Bdsk-File-1 = {YnBsaXN0MDDUAQIDBAUGJCVYJHZlcnNpb25YJG9iamVjdHNZJGFyY2hpdmVyVCR0b3ASAAGGoKgHCBMUFRYaIVUkbnVsbNMJCgsMDxJXTlMua2V5c1pOUy5vYmplY3RzViRjbGFzc6INDoACgAOiEBGABIAFgAdccmVsYXRpdmVQYXRoWWFsaWFzRGF0YV8QLC4uLy4uL2JpYmxpb2dyYXBoeS9QZWFrL1BlYWsyMDA0RUNDREVEQ1AucGRm0hcLGBlXTlMuZGF0YU8RAcgAAAAAAcgAAgAADFRoZSBCdXNpbmVzcwAAAAAAAAAAAAAAAAAAAMwVyWFIKwAAAJc1nRRQZWFrMjAwNEVDQ0RFRENQLnBkZgAAAAAAAAAAAAAAAAAAAAAAAAAAAAAAAAAAAAAAAAAAAAAAAAAAAAAAAAAAnzDIzGa/7VBERiAAAAAAAAIAAwAACSAAAAAAAAAAAAAAAAAAAAAEUGVhawAQAAgAAMwWOeEAAAARAAgAAMxnMG0AAAABABQAlzWdAFXcoABV3F0AVawBAAC5UwACAFRUaGUgQnVzaW5lc3M6VXNlcnM6AGNsaWNraXR5Y2xhY2s6AERyb3Bib3g6AGJpYmxpb2dyYXBoeToAUGVhazoAUGVhazIwMDRFQ0NERURDUC5wZGYADgAqABQAUABlAGEAawAyADAAMAA0AEUAQwBDAEQARQBEAEMAUAAuAHAAZABmAA8AGgAMAFQAaABlACAAQgB1AHMAaQBuAGUAcwBzABIAQlVzZXJzL2NsaWNraXR5Y2xhY2svRHJvcGJveC9iaWJsaW9ncmFwaHkvUGVhay9QZWFrMjAwNEVDQ0RFRENQLnBkZgATAAEvAAAVAAIAFP//AACABtIbHB0eWiRjbGFzc25hbWVYJGNsYXNzZXNdTlNNdXRhYmxlRGF0YaMdHyBWTlNEYXRhWE5TT2JqZWN00hscIiNcTlNEaWN0aW9uYXJ5oiIgXxAPTlNLZXllZEFyY2hpdmVy0SYnVHJvb3SAAQAIABEAGgAjAC0AMgA3AEAARgBNAFUAYABnAGoAbABuAHEAcwB1AHcAhACOAL0AwgDKApYCmAKdAqgCsQK/AsMCygLTAtgC5QLoAvoC/QMCAAAAAAAAAgEAAAAAAAAAKAAAAAAAAAAAAAAAAAAAAwQ=}}

@electronic{Hansson1994DTBI,
	Author = {Sven Ove Hansson},
	Date-Added = {2013-03-04 00:05:35 +0000},
	Date-Modified = {2013-03-04 00:05:35 +0000},
	Title = {Decision Theory: A Brief Introduction},
	Year = {1994},
	Bdsk-File-1 = {YnBsaXN0MDDUAQIDBAUGJCVYJHZlcnNpb25YJG9iamVjdHNZJGFyY2hpdmVyVCR0b3ASAAGGoKgHCBMUFRYaIVUkbnVsbNMJCgsMDxJXTlMua2V5c1pOUy5vYmplY3RzViRjbGFzc6INDoACgAOiEBGABIAFgAdccmVsYXRpdmVQYXRoWWFsaWFzRGF0YV8QLy4uLy4uL2JpYmxpb2dyYXBoeS9IYW5zc29uL0hhbnNzb24xOTk0RFRCSUEucGRm0hcLGBlXTlMuZGF0YU8RAdQAAAAAAdQAAgAADFRoZSBCdXNpbmVzcwAAAAAAAAAAAAAAAAAAAMwVyWFIKwAAAFXdGBRIYW5zc29uMTk5NERUQklBLnBkZgAAAAAAAAAAAAAAAAAAAAAAAAAAAAAAAAAAAAAAAAAAAAAAAAAAAAAAAAAAVfvSy3QZnAAAAAAAAAAAAAIAAwAACSAAAAAAAAAAAAAAAAAAAAAHSGFuc3NvbgAAEAAIAADMFjnhAAAAEQAIAADLdJgsAAAAAQAUAFXdGABV3KAAVdxdAFWsAQAAuVMAAgBXVGhlIEJ1c2luZXNzOlVzZXJzOgBjbGlja2l0eWNsYWNrOgBEcm9wYm94OgBiaWJsaW9ncmFwaHk6AEhhbnNzb246AEhhbnNzb24xOTk0RFRCSUEucGRmAAAOACoAFABIAGEAbgBzAHMAbwBuADEAOQA5ADQARABUAEIASQBBAC4AcABkAGYADwAaAAwAVABoAGUAIABCAHUAcwBpAG4AZQBzAHMAEgBFVXNlcnMvY2xpY2tpdHljbGFjay9Ecm9wYm94L2JpYmxpb2dyYXBoeS9IYW5zc29uL0hhbnNzb24xOTk0RFRCSUEucGRmAAATAAEvAAAVAAIAFP//AACABtIbHB0eWiRjbGFzc25hbWVYJGNsYXNzZXNdTlNNdXRhYmxlRGF0YaMdHyBWTlNEYXRhWE5TT2JqZWN00hscIiNcTlNEaWN0aW9uYXJ5oiIgXxAPTlNLZXllZEFyY2hpdmVy0SYnVHJvb3SAAQAIABEAGgAjAC0AMgA3AEAARgBNAFUAYABnAGoAbABuAHEAcwB1AHcAhACOAMAAxQDNAqUCpwKsArcCwALOAtIC2QLiAucC9AL3AwkDDAMRAAAAAAAAAgEAAAAAAAAAKAAAAAAAAAAAAAAAAAAAAxM=}}

@book{Mitchell2009CGT,
	Author = {Melanie Mitchell},
	Date-Added = {2013-03-04 00:05:01 +0000},
	Date-Modified = {2013-03-04 00:05:49 +0000},
	Keywords = {circulation, cplx},
	Note = {Checked out to Sydnee.},
	Publisher = {Oxford University Press, USA},
	Read = {0},
	Title = {Complexity: A Guided Tour},
	Year = {2009}}

@book{Russell2009AIMA,
	Author = {Stuart Russell and Peter Norvig},
	Date-Added = {2013-03-03 23:49:30 +0000},
	Date-Modified = {2013-03-03 23:49:30 +0000},
	Edition = {3rd},
	Publisher = {Prentice Hall},
	Title = {Artificial Intelligence: A Modern Approach},
	Year = {2009},
	Bdsk-File-1 = {YnBsaXN0MDDUAQIDBAUGJCVYJHZlcnNpb25YJG9iamVjdHNZJGFyY2hpdmVyVCR0b3ASAAGGoKgHCBMUFRYaIVUkbnVsbNMJCgsMDxJXTlMua2V5c1pOUy5vYmplY3RzViRjbGFzc6INDoACgAOiEBGABIAFgAdccmVsYXRpdmVQYXRoWWFsaWFzRGF0YV8QOENQTFgzOTRUZXJtUGFwZXJCaWJsaW9ncmFwaHkvUnVzc2VsbC9SdXNzZWxsMjAwOUFJTUEucGRm0hcLGBlXTlMuZGF0YU8RAiwAAAAAAiwAAgAADFRoZSBCdXNpbmVzcwAAAAAAAAAAAAAAAAAAAMwVyWFIKwAAARZjxxNSdXNzZWxsMjAwOUFJTUEucGRmAAAAAAAAAAAAAAAAAAAAAAAAAAAAAAAAAAAAAAAAAAAAAAAAAAAAAAAAAAABFmPIzVzOzgAAAAAAAAAAAAEABAAACSAAAAAAAAAAAAAAAAAAAAAHUnVzc2VsbAAAEAAIAADMFjnhAAAAEQAIAADNXU1eAAAAAQAcARZjxwET00MBFlhJAOgHbABV3F0AVawBAAC5UwACAIFUaGUgQnVzaW5lc3M6VXNlcnM6AGNsaWNraXR5Y2xhY2s6AERyb3Bib3g6AENQTFgzOTQ6AGNwbHgzOTQtcmVzZWFyY2g6AENQTFgzOTRUZXJtUGFwZXJCaWJsaW9ncmFwaHk6AFJ1c3NlbGw6AFJ1c3NlbGwyMDA5QUlNQS5wZGYAAA4AKAATAFIAdQBzAHMAZQBsAGwAMgAwADAAOQBBAEkATQBBAC4AcABkAGYADwAaAAwAVABoAGUAIABCAHUAcwBpAG4AZQBzAHMAEgBtVXNlcnMvY2xpY2tpdHljbGFjay9Ecm9wYm94L0NQTFgzOTQvY3BseDM5NC1yZXNlYXJjaC9DUExYMzk0VGVybVBhcGVyQmlibGlvZ3JhcGh5L1J1c3NlbGwvUnVzc2VsbDIwMDlBSU1BLnBkZgAAEwABLwAAFQACABT//wAAgAbSGxwdHlokY2xhc3NuYW1lWCRjbGFzc2VzXU5TTXV0YWJsZURhdGGjHR8gVk5TRGF0YVhOU09iamVjdNIbHCIjXE5TRGljdGlvbmFyeaIiIF8QD05TS2V5ZWRBcmNoaXZlctEmJ1Ryb290gAEACAARABoAIwAtADIANwBAAEYATQBVAGAAZwBqAGwAbgBxAHMAdQB3AIQAjgDJAM4A1gMGAwgDDQMYAyEDLwMzAzoDQwNIA1UDWANqA20DcgAAAAAAAAIBAAAAAAAAACgAAAAAAAAAAAAAAAAAAAN0},
	Bdsk-File-2 = {YnBsaXN0MDDUAQIDBAUGJCVYJHZlcnNpb25YJG9iamVjdHNZJGFyY2hpdmVyVCR0b3ASAAGGoKgHCBMUFRYaIVUkbnVsbNMJCgsMDxJXTlMua2V5c1pOUy5vYmplY3RzViRjbGFzc6INDoACgAOiEBGABIAFgAdccmVsYXRpdmVQYXRoWWFsaWFzRGF0YV8QOUNQTFgzOTRUZXJtUGFwZXJCaWJsaW9ncmFwaHkvUnVzc2VsbC9SdXNzZWxsMjAwOUFJTUFBLnBkZtIXCxgZV05TLmRhdGFPEQIuAAAAAAIuAAIAAAxUaGUgQnVzaW5lc3MAAAAAAAAAAAAAAAAAAADMFclhSCsAAAEWY8cUUnVzc2VsbDIwMDlBSU1BQS5wZGYAAAAAAAAAAAAAAAAAAAAAAAAAAAAAAAAAAAAAAAAAAAAAAAAAAAAAAAAAARZj1s1czs8AAAAAAAAAAAABAAQAAAkgAAAAAAAAAAAAAAAAAAAAB1J1c3NlbGwAABAACAAAzBY54QAAABEACAAAzV1NXwAAAAEAHAEWY8cBE9NDARZYSQDoB2wAVdxdAFWsAQAAuVMAAgCCVGhlIEJ1c2luZXNzOlVzZXJzOgBjbGlja2l0eWNsYWNrOgBEcm9wYm94OgBDUExYMzk0OgBjcGx4Mzk0LXJlc2VhcmNoOgBDUExYMzk0VGVybVBhcGVyQmlibGlvZ3JhcGh5OgBSdXNzZWxsOgBSdXNzZWxsMjAwOUFJTUFBLnBkZgAOACoAFABSAHUAcwBzAGUAbABsADIAMAAwADkAQQBJAE0AQQBBAC4AcABkAGYADwAaAAwAVABoAGUAIABCAHUAcwBpAG4AZQBzAHMAEgBuVXNlcnMvY2xpY2tpdHljbGFjay9Ecm9wYm94L0NQTFgzOTQvY3BseDM5NC1yZXNlYXJjaC9DUExYMzk0VGVybVBhcGVyQmlibGlvZ3JhcGh5L1J1c3NlbGwvUnVzc2VsbDIwMDlBSU1BQS5wZGYAEwABLwAAFQACABT//wAAgAbSGxwdHlokY2xhc3NuYW1lWCRjbGFzc2VzXU5TTXV0YWJsZURhdGGjHR8gVk5TRGF0YVhOU09iamVjdNIbHCIjXE5TRGljdGlvbmFyeaIiIF8QD05TS2V5ZWRBcmNoaXZlctEmJ1Ryb290gAEACAARABoAIwAtADIANwBAAEYATQBVAGAAZwBqAGwAbgBxAHMAdQB3AIQAjgDKAM8A1wMJAwsDEAMbAyQDMgM2Az0DRgNLA1gDWwNtA3ADdQAAAAAAAAIBAAAAAAAAACgAAAAAAAAAAAAAAAAAAAN3}}

@mastersthesis{Shannon1940SARSC,
	Author = {Claude Elwood Shannon},
	Date-Added = {2013-03-03 23:48:50 +0000},
	Date-Modified = {2013-03-03 23:48:50 +0000},
	School = {Massachusettes Institute of Technology},
	Title = {A Symbolic Analysis of Relay and Switching Circuits},
	Year = {1940},
	Bdsk-File-1 = {YnBsaXN0MDDUAQIDBAUGJCVYJHZlcnNpb25YJG9iamVjdHNZJGFyY2hpdmVyVCR0b3ASAAGGoKgHCBMUFRYaIVUkbnVsbNMJCgsMDxJXTlMua2V5c1pOUy5vYmplY3RzViRjbGFzc6INDoACgAOiEBGABIAFgAdccmVsYXRpdmVQYXRoWWFsaWFzRGF0YV8QOUNQTFgzOTRUZXJtUGFwZXJCaWJsaW9ncmFwaHkvU2hhbm5vbi9TaGFubm9uMTk0MFNBUlNDLnBkZtIXCxgZV05TLmRhdGFPEQIuAAAAAAIuAAIAAAxUaGUgQnVzaW5lc3MAAAAAAAAAAAAAAAAAAADMFclhSCsAAAEWY9kUU2hhbm5vbjE5NDBTQVJTQy5wZGYAAAAAAAAAAAAAAAAAAAAAAAAAAAAAAAAAAAAAAAAAAAAAAAAAAAAAAAAAARZj2s1czs8AAAAAAAAAAAABAAQAAAkgAAAAAAAAAAAAAAAAAAAAB1NoYW5ub24AABAACAAAzBY54QAAABEACAAAzV1NXwAAAAEAHAEWY9kBE9NDARZYSQDoB2wAVdxdAFWsAQAAuVMAAgCCVGhlIEJ1c2luZXNzOlVzZXJzOgBjbGlja2l0eWNsYWNrOgBEcm9wYm94OgBDUExYMzk0OgBjcGx4Mzk0LXJlc2VhcmNoOgBDUExYMzk0VGVybVBhcGVyQmlibGlvZ3JhcGh5OgBTaGFubm9uOgBTaGFubm9uMTk0MFNBUlNDLnBkZgAOACoAFABTAGgAYQBuAG4AbwBuADEAOQA0ADAAUwBBAFIAUwBDAC4AcABkAGYADwAaAAwAVABoAGUAIABCAHUAcwBpAG4AZQBzAHMAEgBuVXNlcnMvY2xpY2tpdHljbGFjay9Ecm9wYm94L0NQTFgzOTQvY3BseDM5NC1yZXNlYXJjaC9DUExYMzk0VGVybVBhcGVyQmlibGlvZ3JhcGh5L1NoYW5ub24vU2hhbm5vbjE5NDBTQVJTQy5wZGYAEwABLwAAFQACABT//wAAgAbSGxwdHlokY2xhc3NuYW1lWCRjbGFzc2VzXU5TTXV0YWJsZURhdGGjHR8gVk5TRGF0YVhOU09iamVjdNIbHCIjXE5TRGljdGlvbmFyeaIiIF8QD05TS2V5ZWRBcmNoaXZlctEmJ1Ryb290gAEACAARABoAIwAtADIANwBAAEYATQBVAGAAZwBqAGwAbgBxAHMAdQB3AIQAjgDKAM8A1wMJAwsDEAMbAyQDMgM2Az0DRgNLA1gDWwNtA3ADdQAAAAAAAAIBAAAAAAAAACgAAAAAAAAAAAAAAAAAAAN3}}

@article{Fortnow2002SHCC,
	Author = {Lance Fortnow and Steve Homer},
	Date-Added = {2013-03-03 23:48:47 +0000},
	Date-Modified = {2013-03-03 23:48:47 +0000},
	Keywords = {cplx},
	Month = {November},
	Title = {A Short History of Computational Complexity},
	Year = {2002},
	Bdsk-File-1 = {YnBsaXN0MDDUAQIDBAUGJCVYJHZlcnNpb25YJG9iamVjdHNZJGFyY2hpdmVyVCR0b3ASAAGGoKgHCBMUFRYaIVUkbnVsbNMJCgsMDxJXTlMua2V5c1pOUy5vYmplY3RzViRjbGFzc6INDoACgAOiEBGABIAFgAdccmVsYXRpdmVQYXRoWWFsaWFzRGF0YV8QOENQTFgzOTRUZXJtUGFwZXJCaWJsaW9ncmFwaHkvRm9ydG5vdy9Gb3J0bm93MjAwMlNIQ0MucGRm0hcLGBlXTlMuZGF0YU8RAiwAAAAAAiwAAgAADFRoZSBCdXNpbmVzcwAAAAAAAAAAAAAAAAAAAMwVyWFIKwAAARZjqRNGb3J0bm93MjAwMlNIQ0MucGRmAAAAAAAAAAAAAAAAAAAAAAAAAAAAAAAAAAAAAAAAAAAAAAAAAAAAAAAAAAABFmOqzVzOzgAAAAAAAAAAAAEABAAACSAAAAAAAAAAAAAAAAAAAAAHRm9ydG5vdwAAEAAIAADMFjnhAAAAEQAIAADNXU1eAAAAAQAcARZjqQET00MBFlhJAOgHbABV3F0AVawBAAC5UwACAIFUaGUgQnVzaW5lc3M6VXNlcnM6AGNsaWNraXR5Y2xhY2s6AERyb3Bib3g6AENQTFgzOTQ6AGNwbHgzOTQtcmVzZWFyY2g6AENQTFgzOTRUZXJtUGFwZXJCaWJsaW9ncmFwaHk6AEZvcnRub3c6AEZvcnRub3cyMDAyU0hDQy5wZGYAAA4AKAATAEYAbwByAHQAbgBvAHcAMgAwADAAMgBTAEgAQwBDAC4AcABkAGYADwAaAAwAVABoAGUAIABCAHUAcwBpAG4AZQBzAHMAEgBtVXNlcnMvY2xpY2tpdHljbGFjay9Ecm9wYm94L0NQTFgzOTQvY3BseDM5NC1yZXNlYXJjaC9DUExYMzk0VGVybVBhcGVyQmlibGlvZ3JhcGh5L0ZvcnRub3cvRm9ydG5vdzIwMDJTSENDLnBkZgAAEwABLwAAFQACABT//wAAgAbSGxwdHlokY2xhc3NuYW1lWCRjbGFzc2VzXU5TTXV0YWJsZURhdGGjHR8gVk5TRGF0YVhOU09iamVjdNIbHCIjXE5TRGljdGlvbmFyeaIiIF8QD05TS2V5ZWRBcmNoaXZlctEmJ1Ryb290gAEACAARABoAIwAtADIANwBAAEYATQBVAGAAZwBqAGwAbgBxAHMAdQB3AIQAjgDJAM4A1gMGAwgDDQMYAyEDLwMzAzoDQwNIA1UDWANqA20DcgAAAAAAAAIBAAAAAAAAACgAAAAAAAAAAAAAAAAAAAN0},
	Bdsk-Url-1 = {http://www.cs.bu.edu/techreports/pdf/2002-028-computational-complexity-history.pdf}}

@techreport{Serre2004BMFROR,
	Abstract = {In this paper, we introduce a novel set of features for robust object recognition, which exhibits outstanding performances on a variety ofject catefories while being capable of learning from only a few training examples. Each element of this set is a complex feature obtained by combining position- and scale-tl.erant edge-detectors over neighboring positions and multiple orientations.

Our system -- motivated by a quantitative model of visual cortex -- outperforms state-of-the-art systems on a variety of object image datasets from different groups. We also show that out system is able to learn from very few examples with no prior category knowledge. The success of the approach is also a suggestive plausibility proof for a class of feed-forward models of object recognition in cortex. Finally, we conjecture the existence of a universal overcomplete ditionary of features that could handle the recognition of all object categories.},
	Author = {Thomas Serre and Lior Wolf and Tomaso Poggio},
	Date-Added = {2013-03-03 23:48:43 +0000},
	Date-Modified = {2013-03-07 04:16:12 +0000},
	Institution = {Computer Science and Artificial Intelligence Laboratory Technical Report},
	Keywords = {cplx},
	Month = {November},
	Title = {A new biologically motivated framework for robust object recognition},
	Year = {2004},
	Bdsk-File-1 = {YnBsaXN0MDDUAQIDBAUGJCVYJHZlcnNpb25YJG9iamVjdHNZJGFyY2hpdmVyVCR0b3ASAAGGoKgHCBMUFRYaIVUkbnVsbNMJCgsMDxJXTlMua2V5c1pOUy5vYmplY3RzViRjbGFzc6INDoACgAOiEBGABIAFgAdccmVsYXRpdmVQYXRoWWFsaWFzRGF0YV8QNkNQTFgzOTRUZXJtUGFwZXJCaWJsaW9ncmFwaHkvU2VycmUvU2VycmUyMDA0Qk1GUk9SLnBkZtIXCxgZV05TLmRhdGFPEQImAAAAAAImAAIAAAxUaGUgQnVzaW5lc3MAAAAAAAAAAAAAAAAAAADMFclhSCsAAAEWY9cTU2VycmUyMDA0Qk1GUk9SLnBkZgAAAAAAAAAAAAAAAAAAAAAAAAAAAAAAAAAAAAAAAAAAAAAAAAAAAAAAAAAAARZj2M1czs8AAAAAAAAAAAABAAQAAAkgAAAAAAAAAAAAAAAAAAAABVNlcnJlAAAQAAgAAMwWOeEAAAARAAgAAM1dTV8AAAABABwBFmPXARPTQwEWWEkA6AdsAFXcXQBVrAEAALlTAAIAf1RoZSBCdXNpbmVzczpVc2VyczoAY2xpY2tpdHljbGFjazoARHJvcGJveDoAQ1BMWDM5NDoAY3BseDM5NC1yZXNlYXJjaDoAQ1BMWDM5NFRlcm1QYXBlckJpYmxpb2dyYXBoeToAU2VycmU6AFNlcnJlMjAwNEJNRlJPUi5wZGYAAA4AKAATAFMAZQByAHIAZQAyADAAMAA0AEIATQBGAFIATwBSAC4AcABkAGYADwAaAAwAVABoAGUAIABCAHUAcwBpAG4AZQBzAHMAEgBrVXNlcnMvY2xpY2tpdHljbGFjay9Ecm9wYm94L0NQTFgzOTQvY3BseDM5NC1yZXNlYXJjaC9DUExYMzk0VGVybVBhcGVyQmlibGlvZ3JhcGh5L1NlcnJlL1NlcnJlMjAwNEJNRlJPUi5wZGYAABMAAS8AABUAAgAU//8AAIAG0hscHR5aJGNsYXNzbmFtZVgkY2xhc3Nlc11OU011dGFibGVEYXRhox0fIFZOU0RhdGFYTlNPYmplY3TSGxwiI1xOU0RpY3Rpb25hcnmiIiBfEA9OU0tleWVkQXJjaGl2ZXLRJidUcm9vdIABAAgAEQAaACMALQAyADcAQABGAE0AVQBgAGcAagBsAG4AcQBzAHUAdwCEAI4AxwDMANQC/gMAAwUDEAMZAycDKwMyAzsDQANNA1ADYgNlA2oAAAAAAAACAQAAAAAAAAAoAAAAAAAAAAAAAAAAAAADbA==}}

@article{Pedregosa2011SMLP,
	Author = {Pedregosa, F. and Varoquaux, G. and Gramfort, A. and Michel, V. and Thirion, B. and Grisel, O. and Blondel, M. and Prettenhofer, P. and Weiss, R. and Dubourg, V. and Vanderplas, J. and Passos, A. and Cournapeau, D. and Brucher, M. and Perrot, M. and Duchesnay, E.},
	Date-Added = {2013-03-03 23:48:05 +0000},
	Date-Modified = {2013-03-03 23:48:05 +0000},
	Journal = {Journal of Machine Learning Research},
	Pages = {2825--2830},
	Title = {Scikit-learn: Machine Learning in {P}ython},
	Volume = {12},
	Year = {2011}}

@article{Axelrod1997DCMWLCGP,
	Author = {Robert Axelrod},
	Date-Added = {2013-02-21 06:18:00 +0000},
	Date-Modified = {2013-02-21 06:18:00 +0000},
	Journal = {The Journal of Conflict Resolution},
	Month = {April},
	Number = {2},
	Pages = {203-226},
	Title = {The Dissemination of Culture: A Model with Local Convergence and Global Polarization},
	Url = {http://www.jstor.org/stable/174371},
	Volume = {41},
	Year = {1997},
	Bdsk-File-1 = {YnBsaXN0MDDUAQIDBAUGJCVYJHZlcnNpb25YJG9iamVjdHNZJGFyY2hpdmVyVCR0b3ASAAGGoKgHCBMUFRYaIVUkbnVsbNMJCgsMDxJXTlMua2V5c1pOUy5vYmplY3RzViRjbGFzc6INDoACgAOiEBGABIAFgAdccmVsYXRpdmVQYXRoWWFsaWFzRGF0YV8QPENQTFgzOTRUZXJtUGFwZXJCaWJsaW9ncmFwaHkvQXhlbHJvZC9BeGVscm9kMTk5N0RDTVdMQ0dQLnBkZtIXCxgZV05TLmRhdGFPEQI8AAAAAAI8AAIAAAxUaGUgQnVzaW5lc3MAAAAAAAAAAAAAAAAAAADMFclhSCsAAAEWY54XQXhlbHJvZDE5OTdEQ01XTENHUC5wZGYAAAAAAAAAAAAAAAAAAAAAAAAAAAAAAAAAAAAAAAAAAAAAAAAAAAAAARZjn81czs4AAAAAAAAAAAABAAQAAAkgAAAAAAAAAAAAAAAAAAAAB0F4ZWxyb2QAABAACAAAzBY54QAAABEACAAAzV1NXgAAAAEAHAEWY54BE9NDARZYSQDoB2wAVdxdAFWsAQAAuVMAAgCFVGhlIEJ1c2luZXNzOlVzZXJzOgBjbGlja2l0eWNsYWNrOgBEcm9wYm94OgBDUExYMzk0OgBjcGx4Mzk0LXJlc2VhcmNoOgBDUExYMzk0VGVybVBhcGVyQmlibGlvZ3JhcGh5OgBBeGVscm9kOgBBeGVscm9kMTk5N0RDTVdMQ0dQLnBkZgAADgAwABcAQQB4AGUAbAByAG8AZAAxADkAOQA3AEQAQwBNAFcATABDAEcAUAAuAHAAZABmAA8AGgAMAFQAaABlACAAQgB1AHMAaQBuAGUAcwBzABIAcVVzZXJzL2NsaWNraXR5Y2xhY2svRHJvcGJveC9DUExYMzk0L2NwbHgzOTQtcmVzZWFyY2gvQ1BMWDM5NFRlcm1QYXBlckJpYmxpb2dyYXBoeS9BeGVscm9kL0F4ZWxyb2QxOTk3RENNV0xDR1AucGRmAAATAAEvAAAVAAIAFP//AACABtIbHB0eWiRjbGFzc25hbWVYJGNsYXNzZXNdTlNNdXRhYmxlRGF0YaMdHyBWTlNEYXRhWE5TT2JqZWN00hscIiNcTlNEaWN0aW9uYXJ5oiIgXxAPTlNLZXllZEFyY2hpdmVy0SYnVHJvb3SAAQAIABEAGgAjAC0AMgA3AEAARgBNAFUAYABnAGoAbABuAHEAcwB1AHcAhACOAM0A0gDaAxoDHAMhAywDNQNDA0cDTgNXA1wDaQNsA34DgQOGAAAAAAAAAgEAAAAAAAAAKAAAAAAAAAAAAAAAAAAAA4g=},
	Bdsk-Url-1 = {http://www.jstor.org/stable/174371}}

@comment{BibDesk Smart Groups{
<?xml version="1.0" encoding="UTF-8"?>
<!DOCTYPE plist PUBLIC "-//Apple//DTD PLIST 1.0//EN" "http://www.apple.com/DTDs/PropertyList-1.0.dtd">
<plist version="1.0">
<array>
	<dict>
		<key>conditions</key>
		<array>
			<dict>
				<key>comparison</key>
				<integer>2</integer>
				<key>key</key>
				<string>Keywords</string>
				<key>value</key>
				<string>prioritized</string>
				<key>version</key>
				<string>1</string>
			</dict>
		</array>
		<key>conjunction</key>
		<integer>0</integer>
		<key>group name</key>
		<string>Prioritized Reading and Reference Materials</string>
	</dict>
</array>
</plist>
}}
